2974 4906
459 399 475 424 ‘
522 414 615 456 „.--.¹
675 405 720 470 27
758 442 880 452 ...-

116 589 169 646 est
184 581 348 646 montibus
363 580 542 646 Corduenis
560 577 827 660 excurrentibus,
847 582 902 661 qni
921 577 1042 659 duplici
1054 587 1170 660 tractu,
1193 581 1264 644 edi·

114 683 201 746 tiore
229 683 381 746 nimirum
404 681 554 761 Dsdcded
574 679 710 746 Mattot
733 683 853 771 (agita
879 682 979 766 pp)
1000 682 1088 765 iugo,
1105 683 1157 746 cui
1175 679 1263 746 tist-

114 779 207 846 theei
229 785 474 862 monasterium,
496 785 593 848 maris
610 795 750 860 aequore
767 785 860 848 ttoo‘
875 779 1052 858 excelsius,
1075 784 1263 862 impositum
1359 801 1360 807 ¹

116 891 169 946 est
185 881 264 965 (vid.
280 903 310 962 p.
327 887 409 963 24),
429 894 463 948 et
484 880 642 964 perallela
664 879 775 961 paullo
789 883 981 950 demissiore
996 879 1154 946 olivarum
1177 882 1263 946 serie

115 1000 216 1063 prope
243 981 471 1063 Ba’alirilrsns,
502 987 601 1048 trium
624 983 775 1046 horarum
798 985 905 1062 spatio
926 1003 946 1044 a
968 977 1104 1066 Tigride
1125 989 1262 1060 remota,

114 1081 157 1146 ab
170 1099 295 1146 ‘occasu
317 1081 395 1146 solis
419 1084 453 1146 in
475 1082 717 1148 continentibus
736 1087 857 1162 campis
885 1082 1055 1161 desinunt,
1084 1087 1197 1146 contra
1227 1084 1263 1146 iu
1277 1093 1296 1140 ι’

115 1183 285 1246 meridiem
297 1203 410 1246 versus
423 1205 479 1264 per
495 1185 603 1269 iugum
621 1180 778 1248 saxorum
798 1203 1007 1248 arenosorum
1027 1181 1263 1262 (Aruswonurr.

118 1279 223 1346 Trav.
252 1282 293 1346 lt.
323 1305 357 1365 p
386 1285 473 1366 329)
508 1282 644 1348 collibus
670 1281 765 1348 Ἀίιι-
774 1286 830 1350 ul·
840 1282 981 1364 Srafrae
1012 1284 1187 1377 (siponti.
1171 1285 1264 1384 02²)

115 1385 221 1448 iuncti
228 1383 406 1466 usquead
429 1382 549 1448 flumen
559 1383 675 1466 ,quod
698 1382 782 1448 finos
803 1383 962 1448 australes
985 1384 1164 1464 constituit,
1186 1405 1263 1464 por·

114 1486 199 1548 recti
221 1491 305 1548 suut.
350 1483 593 1564 Septentriones
615 1507 728 1550 versus
749 1483 892 1551 Dlhebel
914 1480 1053 1547 Meklub
1075 1503 1133 1562 per
1155 1481 1262 1546 hurni-
1331 1548 1340 1557 ,

116 1581 217 1648 liores
239 1584 339 1649 colles
362 1583 504 1666 (Arnsw.
529 1586 551 1650 l.
574 1609 601 1655 c.
625 1610 654 1669 p.
677 1586 766 1669 336.)
796 1607 868 1650 curn
899 1584 1002 1648 olivis
1015 1602 1115 1663 prope
1135 1581 1264 1647 Atkoth

118 1693 152 1750 et
182 1684 317 1769 Rabbau
343 1684 503 1767 Hormus,
535 1689 589 1766 qui
618 1709 663 1752 ex
695 1687 872 1752 ‹sl-Atros
895 1683 984 1787 (ρι)
1007 1681 1121 1748 Α1ιι11.
1143 1683 1286 1768 Geogr..

116 1807 150 1866 p.
174 1787 262 1870 274.)
285 1787 467 1868 montibus,
496 1789 709 1868 assistitur,
738 1795 963 1868 procurrentes
985 1787 1099 1874 (chrr.
1121 1781 1154 1848 l.
1169 1805 1196 1848 c.
1220 1782 1264 1849 ll.

118 1909 152 1968 ιι.
168 1887 241 1968 Ι98.)
262 1887 311 1951 'ab
334 1877 459 1952 oriente
489 1884 627 1953 brumali
656 1888 697 1951 ad
719 1909 849 1952 caurum
871 1897 1009 1972 vergunt
1030 1885 1265 1970 (Aruswonrrr.

118 1983 251 2051 Resesr.
275 2011 306 2068 p.
327 1989 425 2070 264),
447 1991 660 2052 connectitur.
703 1988 810 2070 Atque
832 1987 882 2052 iris
905 1988 1034 2069 quidem
1056 1983 1195 2050 collibus
1213 1988 1265 2049 iu·

118 2084 216 2152 fimus
238 2109 449 2169 ascensuum,
473 2086 588 2170 quibus
610 2112 667 2170 per
688 2089 805 2176 gradum
828 2092 920 2172 quesi
938 2083 1175 2171 septentriones
1189 2107 1264 2154 ver-

117 2209 175 2252 sus
208 2191 348 2274 assurgit
377 2197 481 2269 terra,
521 2187 679 2254 efficitur:
718 2193 901 2271 superiores
936 2211 1016 2254 vero
1037 2195 1126 2252 suut
1155 2185 1265 2252 Socho

69 2285 76 2298 ’
119 2298 223 2378 (uagi
251 2300 344 2378 po,
368 2291 463 2354 2500‘
485 2311 580 2371 supra
603 2291 705 2374 mare)
729 2300 857 2358 montes
878 2293 1061 2373 praerupti,
1091 2293 1147 2374 qui
1166 2287 1266 2372 longo

117 2397 225 2456 tractu
237 2391 393 2474 usquead
409 2388 577 2476 Tigridem
593 2401 817 2492 procurrentes
830 2400 934 2458 totam
952 2395 1119 2526 regionem
1133 2409 1266 2472 prorsus

120 2489 292 2557 secludunt
310 2494 351 2576 2).

205 2592 254 2655 Ac
283 2595 450 2678 regionem
481 2593 630 2674 quidem,
661 2591 783 2658 finibus
811 2593 902 2660 hisce
932 2597 1030 2658 certis
1056 2615 1096 2656 ac
1118 2589 1266 2656 definitis
1327 2669 1330 2677 .

119 2695 416 2774 circumscriptam,
439 2696 564 2768 ‚scimus
587 2693 755 2775 planitiem
779 2717 851 2760 esse
872 2679 938 2760 late
964 2700 1150 2776 patentem,
1184 2712 1265 2773 quae

119 2793 240 2858 undata
263 2794 450 2875 plerumque
473 2793 714 2880 clementer-ad
736 2794 883 2882 Tigridis
904 2799 992 2890 ripas
1016 2793 1171 2859 delabens
1194 2814 1266 2856 cum
1386 2828 1390 2834 ·
1413 2804 1418 2814 '

119 2891 204 2958 locis
225 2891 457 2976 campestribus
473 2894 728 2976 Mesopotamiae
750 2900 938 2979 superioris,
962 2917 1044 2978 quae
1066 2893 1266 2958 Edessam

121 2981 275 3088 intertet'
302 2995 557 3059 Callinicum
587 2999 714 3092 (esp),
744 2998 926 3065 Nesibin
948 3002 1034 3062 inter
1056 3005 1090 3060 et
1110 2993 1274 3058 Hat'ras

123 3078 246 3191 (pel)
278 3094 341 3160 sita
369 3105 466 3176 sunt,
477 3095 667 3162 'commune
694 3099 822 3179 quidem
857 3097 956 3164 habet
985 3095 1090 3162 solum
1121 3094 1277 3159 culturae.

122 3199 343 3277 aptissimum,
374 3205 482 3261 tamen
511 3205 578 3260 turn
602 3195 781 3263 Corduenis
803 3201 966 3264 montibus
989 3221 1008 3262 a
1020 3198 1133 3263 noxio
1154 3196 1270 3260 afflatu

122 3297 250 3361 seclusa
272 3298 417 3393 feliciore
437 3299 541 3362 utitur
559 3301 746 3379 temperie
739 3301 794 3364 cf
814 3299 1034 3365 Arnswonru.
1054 3295 1129 3362 Res.
1145 3319 1175 3378 p
1189 3299 1228 3361 31
1235 3295 1269 3380 .),
1315 3374 1319 3383 ¹

40 3421 43 3430 ¹
122 3406 197 3462 turn*
207 3401 395 3462 torrentium
409 3398 588 3478 frequentis
599 3399 641 3478 (r.
646 3397 855 3465 Tlvsnnrsn.
866 3399 933 3491 [ed.
944 3400 1144 3484 Norimberg.
1157 3393 1270 3484 1081]

123 3497 148 3562 l.
172 3517 202 3580 p.
219 3498 287 3584 75.)
303 3483 428 3583 largius
450 3501 584 3583 irrigata
605 3519 755 3586 agrorum
778 3499 947 3567 fertilitate
970 3497 1038 3566 illis
1055 3500 1157 3566 multo
1175 3519 1268 3581 prae-

98 3603 210 3680 stat,
234 3602 275 3664 ct.
299 3599 396 3664 Nrua.
421 3600 461 3665 11.
484 3621 514 3681 p.
538 3603 610 3678 ast.
635 3603 708 3667 364.
742 3601 902 3669 Onrvrnn.
927 3599 984 3667 tv.
1007 3627 1038 3684 p.
1062 3605 1136 3666 287.
1167 3597 1267 3665 Brun.

125 3698 220 3764 Narr.
243 3700 285 3764 ll.
307 3724 336 3781 p.
359 3707 423 3790 67„
441 3693 566 3766 Arusw.
588 3703 611 3768 Ι.
630 3725 660 3774 o.
686 3727 715 3784 p.
741 3712 782 3770 20
804 3726 851 3785 sq.
876 3702 976 3767 Trav.
996 3702 1038 3766 ll.
1062 3727 1091 3784 p.
1115 3708 1174 3766 131
1199 3721 1269 3782 sqq.
1399 3723 1412 3740 ·

124 3823 152 3866 c.
167 3801 339 3866 listschrio
353 3825 383 3882 p.
402 3811 454 3868 40.
476 3801 535 3866 lbn
552 3802 583 3866 el
598 3803 735 3868 Wardio
751 3828 782 3885 p.
799 3813 871 3870 104.
906 3799 1060 3901 ¹Quorum
1075 3797 1274 3867 torrentium

123 3921 201 3983 prae
224 3905 496 3996 ceteris-nomino
521 3925 612 3982 eum,
635 3907 726 3984 quie
749 3905 910 3974 montibus
931 3925 1031 3986 prope
1053 3900 1213 4006 stroth
1238 3910 1272 3965 et
1370 3960 1375 3975 ,

122 4055 312 4068 ----.----
323 4063 327 4066 .
339 4062 343 4072 ι

298 4077 300 4084 r

213 4143 247 4221 2)
271 4147 303 4201 Ut
324 4145 493 4202 altitudinum
519 4148 688 4203 relativarum
712 4151 831 4206 rationes
851 4149 942 4224 paullo
961 4149 1114 4204 accuratius
1134 4147 1270 4216 deliniam,
1294 4170 1298 4175 ·

85 4268 90 4277 ·
128 4245 244 4298 moneo,
266 4245 370 4301 aequor
381 4231 498 4304 Tigridis
513 4249 599 4305 prope
613 4233 712 4290 ttotsut
726 4225 797 4292 353‘
823 4243 850 4292 et
871 4233 1080 4296 Bssresiret>hen
1091 4230 1184 4290 ’Omen
1199 4224 1270 4289 842'

129 4331 212 4388 supra
234 4331 309 4371 mare
330 4315 467 4388 persicum
489 4333 632 4390 assurgere
655 4312 845 4392 (drnswonrn.
868 4321 930 4376 lies.
950 4335 977 4390 p.
996 4317 1063 4375 110.
1078 4312 1175 4392 207.)
1281 4355 1286 4366 ·
