2974 4906
517 454 619 466 ...-
674 423 713 484 17
774 456 879 463 -.--.-

124 595 166 658 de
195 615 256 674 quo
285 615 380 675 supra
413 595 593 675 disputari,
629 595 711 674 apud
740 583 865 660 Arabes
894 595 974 660 olim
998 580 1085 690 4l5Al
1101 601 1164 688 „n
1188 598 1210 658 i.
1235 617 1263 660 e.

124 698 267 778 Assyrio
289 696 403 760 diruto
424 693 546 776 (Abulf.
572 695 688 780 Geogr.
705 719 735 776 p.
754 703 827 762 285.
851 697 892 760 el.
910 718 937 759 c.
956 719 986 776 p.
1003 702 1077 761 289.
1103 694 1264 760 le'ihan·

123 817 223 860 numa
243 819 275 876 p.
297 799 386 872 433.)
410 795 581 862 vocabatur
604 804 637 859 et
656 800 839 862 etiamnunc
862 804 945 862 teste
967 795 1091 860 Rronro
1120 797 1267 880 (Narrat.

121 897 163 962 ll.
194 922 227 979 p.
250 901 352 980 131.)
366 898 426 962 boc
457 901 586 961 nomine
614 895 806 977 appellatur.
858 898 951 962 Adeo
975 905 1076 962 totam
1098 902 1263 983 regionem

121 991 216 1064 illam
238 999 278 1064 ab
295 1000 356 1063 boo
376 997 493 1078 oppido
509 1019 626 1062 nomen
643 1005 711 1096 ,st
734 1002 877 1062 traxisse
900 997 1049 1078 perhibet
1059 999 1265 1084 geographus

121 1101 208 1180 apud
239 1099 503 1166 Sonuurnusruu
531 1097 620 1182 (Vit.
654 1097 721 1161 Sal.
749 1099 819 1172 ind.
850 1121 957 1183 geogr.
990 1121 1016 1164 s.
1045 1122 1077 1164 v
1108 1099 1265 1180 Musula),

60 1198 67 1214 '
119 1202 208 1266 unde
235 1201 270 1266 id
300 1208 387 1267 certe
415 1181 575 1280 sequitur,
609 1200 706 1262 etiam
738 1198 863 1266 Arabes
891 1200 982 1265 illam
1012 1208 1132 1266 terram
1159 1205 1264 1266 nomi-

123 1341 218 1385 nasse
241 1318 479 1400 Assyriam,
509 1326 546 1379 ut
574 1336 805 1394 saepenumero
829 1309 898 1382 loll
921 1340 978 1398 pro
1000 1305 1112 1396 dvali,
1133 1305 1265 1404 regione

120 1429 212 1502 puto,
236 1422 354 1484 dictum
380 1438 462 1496 esse,
485 1419 579 1480 testis
595 1424 644 1480 est
661 1413 805 1484 'Pnouxs
828 1441 849 1482 ι
869 1417 1002 1482 Noua.
1027 1441 1055 1499 p.
1073 1426 1158 1500 301,
1182 1420 1263 1485 alia·

121 1545 185 1604 que
205 1521 346 1586 'nominis
370 1520 536 1602 vestigia
529 1540 562 1581 ιιι
584 1517 768 1581 nominibus
792 1518 939 1583 Curdicis
953 1518 1162 1598 probabiliter
1175 1521 1263 1586 Ron—
1317 1603 1320 1610 .

33 1668 36 1676 ·
120 1645 228 1690 urana
251 1631 284 1688 et
306 1621 456 1684 Porrrus
481 1617 729 1699 (Zeitscbriltf.
753 1621 784 1683 d.
806 1618 923 1684 Kunde
950 1621 1005 1684 des
1022 1620 1182 1762 Morgenl.
1206 1624 1262 1687 lll.

119 1750 152 1806 p
178 1727 222 1808 9.)
243 1729 509 1808 recognoverunt.

205 1841 364 1906 Uberiore
387 1838 503 1903 bacin
524 1861 560 1903 re
582 1861 661 1920 opus
679 1849 749 1904 erat
770 1839 990 1919 explicatione
1007 1843 1046 1904 ad
1066 1843 1262 1922 perspicien-

120 1947 196 2008 dam
213 1943 376 2008 Geneseos
393 1931 488 2022 dicti,
511 1962 531 2003 a
553 1962 614 2021 quo
634 1942 771 2021 profecti
791 1964 920 2022 sumus,
944 1946 1148 2007 sententiam.
1193 1943 1263 2010 lam
1335 1963 1340 1973 ·

121 2048 151 2110 si
174 2048 299 2124 omnia,
322 2064 403 2124 quae
424 2040 490 2107 huo'
506 2063 607 2124 usque
629 2043 873 2123 disputavimus,
897 2066 961 2106 una
975 2044 1262 2124 comprehensione

121 2147 382 2228 complectimur,
406 2145 452 2206 sio
474 2144 678 2207 statuendum
701 2153 769 2223 est,
804 2143 1013 2223 Nimrodum,
1037 2154 1203 2225 postquam
1229 2150 1263 2210 in

118 2249 187 2313 lata
219 2245 402 2328 patentibus
429 2243 632 2326 Babyloniae
662 2248 784 2324 campis
814 2247 942 2324 imperii
975 2231 1025 2306 sni
1054 2247 1263 2310 fundamenta

119 2355 252 2428 iecerat,
275 2349 511 2427 septentriones
533 2367 643 2408 versus
659 2345 836 2424 proiectum
853 2344 939 2407 ultra
953 2343 1119 2427 Tigridem
1144 2369 1260 2412 novam

119 2453 198 2514 civit
185 2458 283 2514 tatem
311 2447 509 2525 condidisse,
533 2444 586 2508 vel
608 2449 655 2523 si,
677 2451 715 2508 ut
737 2445 829 2508 nobis
852 2449 1093 2526 proposuimus,
1118 2445 1259 2528 deloco,
1306 2440 1310 2448 ’

117 2551 175 2615 ubi
199 2565 283 2636 traps
307 2551 368 2610 sita
390 2547 507 2625 luerit,
539 2551 741 2625 quaerimus,
775 2546 895 2609 Ninum
925 2545 1036 2608 urbem
1068 2553 1197 2612 nonnisi
1225 2555 1259 2613 in

118 2624 272 2716 orientali
295 2647 440 2733 Tigridis
461 2651 533 2728 ripa
554 2652 648 2711 sitam
672 2648 783 2710 fuisse
829 2647 918 2710 llaec
943 2647 1107 2726 Scriptura
1131 2649 1238 2713 Sacra

204 2807 241 2872 2.
286 2797 489 2882 Comparatis
512 2803 596 2863 inter
618 2820 653 2862 se
678 2801 867 2880 scriptorum
886 2820 1049 2883 sacrorum
1065 2804 1259 2868 testimoniis

117 2925 192 2970 cum
231 2901 364 2966 relicuis
403 2901 547 2988 eruditae
585 2903 787 2981 antiquitatis
822 2899 958 2962 testibus
992 2901 1077 2964 male
1115 2905 1258 2982 profecto

115 3008 245 3086 utrique
267 3024 302 3068 se
325 3001 501 3079 haberent,
525 3004 553 3064 si
575 2997 747 3079 Biennio,
770 2999 962 3066 Mauxnaro
985 2999 1125 3084 aliisque,
1145 3026 1257 3088 conoe-

114 3107 255 3169 dendum
284 3111 387 3190 esset,
425 3101 544 3166 Ninum
582 3123 602 3164 a
633 3100 766 3186 Tigride
796 3101 849 3164 vel
879 3124 924 3164 ex
954 3095 1092 3186 Assyria
1128 3112 1258 3187 propria

115 3205 368 3272 submovendam
398 3212 432 3267 et
460 3204 500 3266 ud
530 3202 726 3284 Euphratem
756 3203 838 3265 adeo
868 3205 902 3265 in
931 3202 1107 3285 Babylonis
1138 3211 1256 3285 vicinia

113 3306 336 3390 collocandam
359 3326 440 3368 esse.
484 3303 583 3384 Atqui
604 3303 814 3368 vehementer
835 3303 963 3384 dubito,
996 3325 1070 3368 num
1093 3310 1156 3371 viri
1180 3333 1253 3375 acu-

112 3403 253 3484 tissimi,
274 3407 331 3470 ubi
345 3428 390 3469 ex
405 3405 642 3469 obscurioribus
660 3409 847 3485 scriptorum
866 3409 1046 3469 enunciatis
1065 3408 1257 3476 dilucidiora

113 3516 260 3574 veterum
284 3510 469 3570 testimonia
492 3506 653 3588 pendunt,
685 3509 815 3569 omnino
846 3504 904 3569 bac
934 3509 968 3569 in
997 3511 1185 3587 quaestione
1206 3518 1256 3580 rei

111 3618 236 3674 rectam
254 3593 431 3672 institerint
452 3607 664 3688 explicandae
680 3610 776 3673 viam.
816 3604 979 3674 Conemur
996 3601 1095 3693 igitur
1111 3622 1256 3694 veterum

113 3712 283 3791 disponere
307 3712 508 3772 narrationes
530 3730 703 3789 earumque
725 3705 836 3772 r'imari
859 3712 1060 3773 sententiam.

157 3895 161 3899 ,
201 3827 437 3892 Testimonium
451 3831 593 3890 omnium
610 3832 752 3892 maxime
772 3830 974 3908 perspicuum
990 3830 1154 3892 invenitur
1169 3815 1253 3936 apud

113 3928 307 3994 Strabonem
332 3934 382 3998 to.
406 3953 437 4009 p.
461 3937 531 3994 241.
557 3937 628 3992 244.
659 3933 756 3993 Νῖνον
778 3911 889 3991 urbem
913 3928 945 3992 ἐν
966 3935 1007 4011 τῇ
1027 3923 1168 4020 Αἰουρια
1192 3957 1253 3998 ex·

111 4037 267 4094 structam
289 4031 389 4128 luisse
414 4040 596 4094 narrantem
620 4039 653 4094 et
676 4029 784 4112 paullo
807 4041 923 4110 postp
941 4035 1012 4094 246.
1029 4017 1258 4103 ιιάἰίιίοιιῐοιιιι

101 4130 146 4216 ,ἓν
166 4129 201 4194 δὲ
222 4136 262 4214 τῇ
285 4123 396 4222 crapola
417 4158 471 4196 του
457 4127 602 4198 Λύκου
621 4134 653 4218 (a
668 4130 837 4215 Babylone
851 4129 1046 4214 scilicet)
1011 4156 1049 4196 τα
1073 4139 1130 4215 τῆς
1146 4133 1253 4200 >drov-

110 4233 181 4317 ρίας
200 4232 290 4296 πεδία
309 4239 349 4316 τῇ
371 4235 458 4320 Νίνῳ
479 4235 660 4317 περίκειται,
683 4234 723 4300 cl.
746 4256 773 4298 o.
795 4230 834 4298 B·
850 4231 949 4296 Hebr
974 4255 1005 4312 p.
1021 4238 1097 4300 496.
1121 4233 1152 4300 b.
1176 4237 1253 4319 dyn.
1305 4291 1312 4300 ,

111 4354 144 4412 p.
167 4336 241 4396 476.
287 4332 464 4398 Obversari
486 4338 650 4415 scriptoris
673 4338 781 4400 animo
805 4354 875 4398 eam
905 4335 1088 4417 regionem,
1118 4359 1253 4418 quame

138 4459 140 4463 ’
975 4443 994 4498 2
