2974 4906
600 381 1157 472 ‘ff-ro--gy

211 562 315 627 dimus
337 566 435 629 etiam
459 567 492 628 in
508 563 710 644 antiquitatis
727 569 761 626 et
776 559 873 624 medii
889 563 963 626 aevi
978 551 1222 638 conlinie'apud
1239 553 1363 646 Theos

137 675 143 686 ’
210 661 348 743 phanem
380 663 558 749 chronogr.
588 686 617 744 p.
641 660 785 746 suec.
804 673 837 727 et
866 661 1047 726 cedrenum
1071 659 1136 746 (ed.
1160 653 1298 744 Par.)1.
1327 682 1363 741 p.

210 759 285 829 Ι417.
308 763 370 846 Α.,
400 766 455 831 ubi
477 764 650 830 Heraclius
678 767 852 846 imperator
880 763 1009 846 hinulos
1030 760 1138 826 Nreeel
1159 764 1216 842 τῆς
1236 759 1366 848 πόλεως

211 873 316 928 castra
337 865 461 932 locasse
484 875 517 930 et
537 873 611 946 post
630 868 766 946 primum
789 864 830 928 de
848 863 956 928 Persis
977 865 1144 928 victorium
1167 861 1364 942 καταλαβὼν

210 963 269 1046 τὴν
283 967 390 1032 Nreevl
411 968 462 1032 nul
481 964 616 1051 περάσας
636 966 691 1032 τὸν
711 965 806 1051 μέγαν
826 964 966 1045 ποταμὸν
981 968 1091 1045 Ζαβᾶν
1108 961 1272 1047 (Theoph.
1285 961 1314 1028 l.
1331 985 1362 1028 c.

210 1087 243 1146 p.
266 1071 340 1132 267.
362 1068 418 1152 Α.)
448 1068 717 1133 Sahatiminoris
738 1071 852 1159 (Abali
879 1065 976 1164 epiph)
1000 1064 1083 1128 vada
1104 1064 1277 1143 praesidiis
1301 1085 1361 1128 oc·
1459 1077 1460 1080 ’

211 1186 347 1246 cupasse
369 1169 493 1234 dicitur.
537 1166 616 1231 lude
639 1171 724 1233 enim
748 1170 830 1234 duae
857 1169 1058 1258 potissimum
1080 1186 1133 1241 res
1151 1164 1261 1249 colligi
1279 1185 1361 1246 pos·
1459 1185 1460 1232 t

202 1269 314 1348 sunt,
333 1273 484 1335 nimirum
516 1271 547 1352 l)
571 1268 682 1333 urbem
715 1272 840 1350 ipsam,
871 1267 948 1331 licet
978 1265 1118 1330 dirutam
1145 1275 1179 1332 et
1209 1267 1361 1332 funditus
1459 1295 1460 1316 .

213 1388 390 1452 eversam,
408 1370 514 1434 Nerei
542 1368 660 1445 πόλεως
686 1373 816 1434 nomine
838 1372 918 1434 sutis
941 1376 1050 1431 notem
1072 1367 1192 1447 luisse,
1216 1369 1362 1432 minime
1459 1379 1460 1392 ¹

211 1489 290 1558 yero
308 1467 540 1552 Theophanem
565 1470 615 1540 hia
639 1472 745 1556 verbis
760 1470 878 1535 Ninum
895 1468 1042 1534 Heraclii
1064 1475 1209 1548 tempore
1230 1467 1359 1532 selvam

213 1576 247 1631 et
274 1569 466 1635 incolumem
496 1569 665 1636 testificari
695 1572 836 1636 voluisse
862 1569 913 1653 ³);
950 1569 1067 1633 deinde
1097 1570 1131 1654 2)
1153 1567 1360 1634 Heraclium,
1460 1566 1461 1570 ’

213 1689 310 1748 quum
332 1673 520 1754 καταλαβών,
540 1674 596 1755 τὴν
618 1674 727 1737 Νινευί
747 1672 901 1738 Sebatum
924 1673 1122 1750 superiorem
1141 1671 1219 1751 (vid.
1236 1694 1266 1751 p.
1288 1675 1359 1755 35.)

211 1775 464 1854 transmisisset,
492 1773 639 1840 Ninum
667 1776 878 1858 regionem
909 1794 1093 1851 occupasse.
1145 1769 1181 1834 ld
1211 1774 1359 1853 insuper,

212 1871 241 1932 si
265 1872 339 1950 quid
361 1875 475 1955 video,
500 1872 713 1955 Theophanes
737 1874 821 1954 ipse,
852 1872 927 1936 dum
949 1870 1006 1954 τὴν
1028 1872 1138 1945 Nesse!
1156 1874 1216 1952 (sc.
1235 1872 1358 1957 χώραν)

213 1993 233 2034 e
254 1973 361 2037 Nervi
382 1982 422 2059 τῇ
444 1974 530 2040 πόλει
553 1972 741 2060 distinguit,
771 1977 850 2038 satia
880 1980 990 2053 aperte
1014 1971 1167 2036 declarat.
1212 1973 1306 2049 Quae
1329 1977 1359 2038 si

174 2096 178 2101 ·
213 2079 372 2156 tenemus,
395 2076 581 2142 obscuriora
596 2076 752 2159 quaedem
767 2075 911 2139 veterum
934 2074 1021 2136 diota
1040 2071 1136 2136 lacile
1157 2076 1357 2154 perspiciun·
1460 2123 1461 2160 ,

172 2235 175 2238 .
213 2179 276 2236 tur.
320 2175 370 2252 Ac
393 2180 530 2258 primum
555 2180 683 2259 quidem
704 2176 895 2241 Ammianus
917 2173 1129 2239 Marcellinus
1159 2179 1217 2254 l8,
1239 2179 1271 2239 7.
1302 2181 1357 2256 23,
1395 2225 1398 2230 -
1460 2175 1461 2184 ’

213 2274 344 2352 6.,'uhi
366 2278 496 2357 doctas,
523 2287 559 2343 ut
581 2278 684 2358 solet,
706 2280 846 2343 orationi
868 2274 1357 2356 admiscetanimadversiones,

153 2445 156 2452 ¹
214 2371 303 2437 Nini
321 2379 449 2458 quidem
464 2384 612 2464 ingentis
628 2378 826 2445 Adiabenae
848 2384 1007 2455 civitatis,
1028 2376 1170 2440 Persidis
1185 2396 1356 2460 regnorum

215 2472 294 2538 olim
324 2478 491 2559 dominae,
520 2485 716 2546 mentionem
747 2484 844 2561 facit,
873 2479 962 2542 nullo
990 2478 1085 2540 modo
1114 2485 1241 2555 tamen,
1274 2478 1357 2558 quod

214 2577 406 2657 interpretes
420 2581 528 2646 verbis
543 2582 750 2648 obtruserunt
764 2582 818 2663 (cl.
835 2581 1010 2644 Termera
1024 2578 1109 2642 Hdh.
1126 2577 1157 2640 d.
1173 2575 1229 2640 alt.
1240 2576 1357 2662 Geogr.

132 2678 139 2686 “
215 2673 265 2750 ΙΙ.
287 2693 316 2757 p.
339 2681 459 2762 611.),’
476 2683 515 2746 de
543 2683 622 2747 urbe
650 2684 772 2750 Juliani
801 2680 999 2762 temporibus
1028 2681 1200 2759 superstite
1230 2671 1358 2742 dixisse

216 2780 453 2845 existimandus
483 2792 542 2847 est.
588 2784 737 2851 Dirutem
761 2785 872 2849 urbem
894 2785 1002 2863 potius
1024 2784 1116 2843 novit
1137 2789 1293 2861 eamque,
1321 2785 1358 2842 ut

219 2876 452 2961 Theophanes,
489 2882 630 2951 Niniven
663 2897 766 2952 vocat.
819 2884 946 2948 Deinde
975 2905 994 2945 a
1026 2879 1140 2945 Cassio
1169 2878 1276 2944 Dione
1303 2885 1356 2944 68.
1461 2917 1462 2932 .

218 2976 313 3063 Trej.
343 2987 394 3047 26.
431 2982 536 3049 Ninus
570 2989 647 3052 urbs
681 3011 746 3052 non
784 2989 1071 3063 commemoratur,
1108 2981 1165 3046 sed
1189 2979 1356 3064 Ἀδιαβηνὴ

215 3087 340 3144 tantum
369 3089 425 3165 τῆς
443 3083 605 3172 Ἀσσυρίας
624 3094 680 3170 τῆς
701 3091 767 3174 περὶ
790 3091 886 3151 Νῖνον
914 3085 1069 3163 (dirutam
1100 3079 1237 3166 scilicet)
1263 3081 1358 3166 μέρος

218 3181 259 3243 cf.
279 3180 390 3250 ,Strah
411 3191 457 3250 16.
481 3211 511 3267 p.
527 3195 612 3270 246,
635 3212 765 3270 prorsus
791 3197 827 3252 ut
848 3209 868 3249 a
891 3185 1100 3265 scriptoribus
1119 3204 1226 3247 rerum
1249 3193 1356 3268 gesta·

217 3305 288 3347 rum
310 3285 509 3367 Alexandri,
539 3289 616 3354 licet
644 3290 697 3354 hic
727 3294 760 3354 in
783 3293 854 3370 ipso
881 3288 950 3351 lere
970 3289 1132 3349 ruinomm
1155 3282 1229 3348 loco
1251 3283 1357 3356 ultimi

218 3384 334 3466 proelii
357 3387 492 3452 consiliu
506 3392 614 3453 animo
629 3395 823 3472 conceperit,
846 3387 935 3453 urbis
949 3389 1071 3453 mentio
1089 3387 1175 3450 facta
1192 3392 1242 3449 est
1256 3382 1357 3450 nullu.
1461 3387 1462 3398 ’

220 3486 324 3571 Igitur
347 3488 483 3554 Traiani
503 3500 536 3557 et
557 3491 740 3556 Alexandri
762 3488 959 3572 temporibus
981 3486 1102 3566 Ninum
1123 3486 1236 3551 urbem
1257 3484 1357 3550 luisse

121 3587 124 3594 ’
217 3587 451 3669 inhabitatam,
476 3595 607 3657 omnino
630 3593 810 3677 negandum
833 3598 893 3656 est.
944 3588 1119 3668 Propterea
1139 3587 1289 3670 refragor
1305 3587 1356 3666 iis,

111 3716 115 3726 ·
221 3695 274 3772 qui
300 3690 410 3756 Taciti
432 3693 516 3760 Anu.
541 3697 599 3775 12,
624 3701 672 3760 13.
695 3694 803 3758 verbis
827 3691 934 3768 hisce:
957 3688 1016 3754 sed
1036 3697 1136 3774 eapte
1156 3693 1192 3752 s'n
1214 3691 1357 3750 transitu

220 3791 297 3857 urbe
318 3792 443 3874 Ninos,
466 3801 687 3862 uetustissimo
709 3795 801 3860 seder
822 3793 1001 3874 Assyriae,
1025 3799 1059 3854 et
1080 3787 1208 3855 Arbele
1229 3809 1259 3853 e.
1283 3809 1314 3867 q.
1331 3807 1357 3851 s.
1461 3807 1462 3834 t

221 3892 326 3959 velint
355 3917 546 3980 coarguere,
581 3895 702 3960 Ninum
732 3895 843 3960 urbem
874 3900 945 3976 post
974 3889 1175 3956 eversionem
1204 3911 1225 3952 a
1252 3887 1357 3953 Medis
1390 3943 1396 3954 .

96 4061 98 4076 ‚
223 3995 342 4059 lactem
367 3992 411 4060 ex
433 4000 536 4061 ruinis
558 3999 778 4062 resurrexisse
800 4014 980 4072 novumque
1003 3993 1152 4075 oppidum
1174 3992 1278 4071 prisco
1301 4009 1358 4052 no·
1384 4019 1389 4030 ·
1461 3999 1462 4064 ξ

222 4099 309 4160 utine
333 4095 462 4162 Claudii
487 4097 637 4164 Caesaris
659 4106 802 4177 tempore
825 4097 865 4160 ad
889 4092 1033 4179 Tigridis
1054 4096 1157 4174 ripam
1181 4091 1357 4156 exstitisse.

295 4264 343 4380 ⁸3)
367 4304 486 4362 Similem
509 4304 641 4362 Elmakini
663 4305 753 4390 locum
775 4301 834 4358 vide
856 4313 938 4375 supra
960 4317 987 4374 p.
1011 4300 1053 4358 22
1075 4315 1117 4372 sq.
