2974 4906
552 376 922 446 ......45-..

168 579 340 644 cogamur,
369 555 540 638 Mespilom
562 558 697 628 eandem
720 579 758 620 ec
779 557 899 624 Ninum
922 537 1032 622 luisse.
1077 555 1128 620 De
1156 555 1306 621 Μέσπιλα
1343 525 1344 532 ¹

44 701 51 706 -
122 643 131 662 ⁰
167 663 318 739 nomine,
348 660 432 740 qued
448 666 571 739 aperte
586 651 629 725 ,a
649 669 763 743 graeco
786 665 940 740 scriptore
963 659 1004 722 ad
1025 661 1132 743 graeci
1154 657 1304 723 vocabuli

167 760 413 826 similitudinem
436 761 637 824 efformatum
661 768 728 840 est,
752 759 834 824 nihil
851 758 969 824 definio
987 757 1029 844 ⁸),
1052 760 1084 822 id
1101 767 1209 823 tamen
1226 758 1302 822 nolo

164 881 295 942 prorsus
319 860 448 925 silentio
470 864 743 942 praetermittere,
773 883 817 924 ex
846 864 906 940 iis,
937 882 1017 942 quae
1045 863 1075 937 ἱ.
1107 859 1172 923 11.’
1187 868 1235 950 εἴΙ
1250 867 1301 926 12.

164 963 205 1026 de
227 960 386 1042 Mespilae
416 962 492 1026 latis
521 962 639 1025 tradita
660 963 760 1026 refert
782 960 986 1042 Xenophon,
1016 953 1150 1042 obscure
1173 962 1302 1044 quidem

166 1071 200 1127 et
221 1063 352 1126 confuse
373 1060 452 1126 Nini
474 1059 654 1144 excidium,
684 1065 767 1127 uta‘
786 1061 897 1127 Ctesia
919 1063 1003 1145 apud
1026 1061 1206 1127 Diodorum
1228 1084 1301 1126 nar·
1373 1111 1376 1118 .

163 1171 273 1244 ratur,
295 1161 469 1244 pellucere.

249 1263 317 1328 lam
346 1266 373 1328 si
404 1265 595 1329 revertimur
622 1264 663 1326 ad
693 1262 794 1345 illud,
832 1264 918 1329 unde
950 1267 1070 1349 egressi
1097 1284 1225 1345 sumus,
1256 1286 1301 1330 ex

165 1365 327 1445 omnibus,
350 1386 431 1445 quae
453 1363 615 1446 bucusque
637 1365 883 1446 disputavimus,
906 1368 938 1430 id
956 1374 1100 1446 apertum
1119 1386 1190 1429 esse
1207 1375 1301 1445 puta-¹

163 1489 254 1546 mus,
283 1464 403 1548 Ninum
426 1465 538 1530 urbem
560 1488 584 1528 ιι
601 1464 708 1530 Medis
731 1471 876 1531 excisam
899 1465 989 1530 nullo
1010 1473 1154 1547 tempore
1176 1469 1300 1560 instau-

85 1577 93 1584 ‘
162 1575 265 1632 ratam
287 1567 406 1646 fnisse,
438 1565 586 1670 omnibus
618 1588 694 1630 vero
704 1568 913 1694 temporibus
934 1569 1075 1652 ingentis
1095 1567 1185 1631 urbis
1207 1575 1301 1632 notas

61 1743 71 1752 .
162 1671 262 1734 luisse
284 1670 405 1732 ruinas.

248 1809 286 1874 2.
330 1801 398 1866 lam
427 1798 617 1866 accedamus
645 1804 686 1866 ad
714 1803 939 1868 describendas
960 1804 1082 1867 ruinas.
1125 1800 1171 1866 Ut
1191 1809 1301 1865 tamen

161 1905 368 1983 habeamus,
393 1904 580 1983 quibuscum
608 1905 697 1968 urbis
726 1903 881 1985 reliquias
911 1923 1150 1986 comparemus,
1188 1904 1300 1982 paucis

162 2027 327 2088 exponere
366 2003 479 2084 liceat,
524 2026 605 2085 quae
647 2028 667 2068 a
709 2006 918 2087 scriptoribus
960 2006 1101 2084 antiquis
1137 2004 1177 2067 de
1212 2003 1299 2068 Nino

160 2109 241 2172 urbe
264 2106 384 2170 tradita
406 2109 482 2169 sint.
526 2104 609 2168 Prae
636 2105 752 2170 ceteris
776 2105 903 2170 Ctesias
931 2105 1017 2187 apud
1043 2103 1222 2176 Diodorum
1245 2103 1298 2167 Si-

62 2279 66 2282 ,
160 2208 270 2273 culum
293 2214 331 2286 2,
353 2212 383 2272 3.
412 2208 447 2268 in
479 2205 686 2272 describendo
712 2207 792 2271 urbe
813 2214 960 2271 versatus
982 2212 1043 2270 est.
1087 2203 1205 2269 Narrat
1227 2225 1299 2268 eam

158 2311 263 2374 forma
284 2305 421 2390 oblonga
442 2307 562 2386 luisse,
585 2305 671 2370 latus
692 2295 840 2395 utrinque
862 2307 989 2390 longius
1014 2312 1074 2372 150
1096 2299 1212 2386 stadia,
1232 2305 1298 2368 duo

60 2412 65 2419 '
158 2413 348 2479 minoratio
370 2406 566 2486 obtinuisse,
596 2407 751 2470 ambitum
773 2412 871 2496 igitur
892 2415 956 2472 480
979 2408 1092 2471 stadiis
1117 2411 1298 2472 constitisse

159 2513 385 2590 neminemque
420 2509 623 2589 postmodum
656 2509 771 2583 urbem
803 2518 869 2597 tarn
902 2509 1042 2572 ambitus
1072 2512 1176 2589 spatio
1204 2530 1298 2590 quam

158 2613 323 2694 moenium
351 2601 592 2691 magnificentia
621 2630 693 2672 cum
724 2607 754 2672 N
763 2613 832 2673 i'no
862 2631 1006 2692 magna
1031 2612 1151 2691 ,(Νἴιιις
1176 2608 1296 2693 μεγάλη

74 2726 80 2732 ’
157 2713 203 2778 ib.
226 2720 266 2791 2,
290 2712 354 2792 23.)
386 2707 632 2789 comparabilem
663 2697 856 2775 condidisse.
902 2711 1149 2774 Consentientes
1171 2712 1296 2773 inveni·
1347 2719 1350 2724 ’

158 2811 446 2877 mus-Strabonem
464 2815 515 2873 16.
536 2831 567 2890 p.
586 2815 658 2874 247.
682 2817 715 2873 ιι1
736 2811 942 2876 Eustatbium
964 2812 1004 2876 od
1018 2811 1155 2893 Dionys.
1170 2809 1295 2895 Perieg.

156 2939 196 2980 v.
220 2921 294 2980 988.
325 2899 375 2996 (p.
393 2916 468 2975 293.
491 2908 541 2972 ed.
566 2907 730 2990 Banna),
760 2917 813 2992 qui
845 2913 962 2978 Ninum
993 2912 1163 2995 Babylone
1192 2911 1295 2976 multo

155 3018 321 3084 maiorem
333 3011 487 3094 ⁷)fnisse
509 3017 651 3073 narrant.
695 3010 822 3076 Deinde
845 3012 972 3078 Ctesias
994 3012 1152 3094 perhibet,
1174 3009 1295 3077 Ninum

155 3115 326 3180 moenibus
334 3113 373 3176 ad
384 3110 444 3176 100
453 3112 568 3192 pedum
581 3109 784 3177 altitudinem
799 3115 1046 3200 exsurgentibus
1061 3124 1190 3195 tamque
1206 3112 1294 3192 latis,
1339 3141 1342 3146 ’

153 3225 194 3282 ut
214 3226 279 3282 tres
300 3235 410 3280 currus
431 3216 466 3276 in
488 3215 529 3275 iis
548 3214 650 3277 iuncti
666 3217 877 3340 agitarentur,
899 3219 1037 3328 cinctam
1059 3237 1096 3279 ac
1120 3221 1203 3280 1500
1224 3222 1291 3278 tnr-

201 3341 205 3350 ,

165 3363 373 3382 ᾗ*

114 3481 118 3486 ’
163 3469 165 3474 ’
241 3455 274 3534 6)
297 3460 376 3515 Tota
383 3458 424 3512 via
446 3473 461 3512 a
482 3472 545 3512 vero
568 3453 708 3526 aberrant,
730 3459 776 3531 qui
798 3462 915 3520 nominis
937 3459 1069 3536 originem
1091 3479 1106 3518 a
1128 3477 1225 3536 graeco
1239 3476 1293 3517 ser·
1311 3449 1315 3458 ’
1352 3492 1354 3496 -

153 3559 235 3605 mone
257 3544 371 3612 ducere,
393 3543 435 3598 vcl
456 3540 523 3605 adeo
538 3540 704 3632 scripturae
717 3537 891 3616 (Μέσπιλα,
912 3541 1089 3624 Μέιιιιιιλα)
1113 3547 1294 3619 integritatem

154 3631 184 3687 in
204 3621 360 3688 Minucia
382 3629 527 3700 depravare
538 3605 635 3681 velint.
678 3628 804 3713 Fortasse
831 3632 950 3704 pellucet
977 3628 1042 3696 baal
1064 3633 1140 3690 radis
1161 3631 1292 3698 semitioa,
1361 3683 1369 3702 ‚

153 3715 192 3772 ita
214 3724 243 3772 ut
259 3714 377 3770 voluisse
399 3727 551 3804 quenquam
573 3705 704 3768 nominis
713 3714 835 3785 ignarum
866 3733 898 3772 eo
920 3717 1050 3774 vocabulo
1071 3719 1162 3774 locum
1184 3717 1289 3772 diruto·
1326 3781 1331 3787 ‚

32 3806 36 3813 '
151 3817 217 3856 rum
236 3800 385 3855 ruinarum
412 3798 446 3853 dc
469 3795 583 3853 nomine
611 3795 839 3872 interrogantibus
860 3799 1003 3874 designare
1024 3802 1194 3859 arbitremur.
1237 3797 1291 3856 Sed

152 3902 213 3942 rem
232 3885 259 3943 in
281 3875 406 3955 ambiguo
430 3881 583 3954 relinquere
604 3880 685 3937 malo.
1367 3926 1370 3930 .

235 3963 275 4044 7)
293 3967 446 4042 Herodotus
476 3960 526 4039 (1,
552 3958 635 4038 178.)
664 3965 773 4038 quidem
803 3967 945 4042 Babylonis
976 3934 1104 4025 ambitum
1134 3969 1198 4025 item
1226 3966 1290 4024 480
1360 4019 1363 4027 r

152 4053 248 4111 stadiis
269 4053 423 4110 constitisse
445 4051 576 4118 affimat,
607 4049 704 4106 Strabo
723 4068 786 4109 vero
811 4050 875 4127 (16.
896 4071 924 4126 p.
947 4049 1051 4126 249.,)
1080 4054 1223 4111 Alexandri
1245 4069 1288 4109 co·

150 4140 231 4196 mites
253 4145 363 4195 secutus
380 4132 432 4212 (cr.
454 4136 531 4192 Diod.
555 4135 608 4191 Sic.
633 4134 662 4202 2,
685 4131 737 4211 7.),
757 4138 943 4194 tantummodo
964 4135 1025 4195 365
1049 4139 1136 4196 stadia
1156 4145 1287 4195 numerat

104 4259 108 4264 -
149 4223 209 4280 Vid.
232 4224 387 4280 Grosrunn.
409 4219 505 4278 Strabo
519 4220 564 4276 111.
585 4237 613 4293 p.
630 4218 702 4278 209.
745 4222 814 4279 Hinc
834 4239 882 4292 ea,
903 4239 972 4295 qnae
995 4222 1029 4279 de
1046 4225 1188 4297 utriusque
1210 4221 1287 4280 urbis
1353 4240 1364 4270 .-

149 4308 326 4384 amplitudine
347 4306 494 4371 memoriae
512 4303 611 4362 tradita
632 4313 704 4362 sunt.
