2974 4906
522 423 626 492 ss...
677 381 753 509 67x
778 483 882 494 m.

131 626 226 689 nobis
256 623 501 703 persuademus,
531 631 659 715 κήπᾳξη
688 641 799 686 vocem
832 616 979 680 consulto
1010 638 1081 679 esse
1110 619 1268 682 adiectam

131 727 175 788 ad
196 721 424 808 significandas
448 733 555 801 portas
585 731 650 786 tam
680 731 749 784 arte
773 741 866 801 quam
889 727 1003 782 natura
1024 722 1268 784 munitissimas.

129 823 199 887 lam
221 827 249 886 si
272 824 528 903 consideramus,
552 824 607 886 ubi
628 821 758 885 Khosar
780 819 898 884 fluvius
920 818 1150 884 occidentalem
1172 841 1268 903 agge·

66 919 72 932 “
128 947 198 988 rem
223 927 415 1003 perrumpit,
439 923 484 986 ibi
507 923 565 986 sub
586 915 813 1002 ipso'eastello
836 921 976 983 inveniri
998 928 1108 998 portae
1132 922 1269 1002 vestigia

128 1025 210 1106 (vid.
234 1047 263 1102 p.
286 1023 370 1104 56),
401 1031 434 1086 et
457 1026 580 1086 maiora
602 1025 718 1101 etium,
747 1021 803 1084 ubi
823 1020 913 1110 idem
936 1018 1055 1082 fluvius
1074 1041 1122 1082 ex
1145 1022 1270 1082 oriente
1376 1067 1393 1115 ,Ι

126 1128 172 1188 in.
186 1125 371 1186 interiorem
390 1122 497 1188 influit
511 1123 634 1202 urbem,
658 1125 747 1186 uerni
765 1123 963 1184 munimenta
975 1119 1018 1182 ad
1034 1120 1269 1183 defendendum

127 1224 251 1286 aditum
268 1223 344 1304 (vid.
362 1246 391 1302 p.
407 1225 491 1305 53.):
514 1228 574 1288 vix
593 1224 723 1288 dubium
740 1243 811 1286 esse
829 1227 946 1301 potest,
971 1222 1046 1299 quin
1070 1223 1104 1283 in
1126 1218 1178 1282 his
1200 1223 1292 1316 rui-⁹

129 1344 243 1386 narum
265 1323 410 1403 partibus
432 1333 640 1403 portarum
664 1323 881 1394 fluminum
903 1323 1098 1384 munitarum
1113 1341 1268 1404 agnosca·

130 1443 203 1484 mus
224 1421 389 1502 reliquias.
434 1421 576 1486 Omnino
599 1446 676 1487 vero
699 1445 776 1504 prae
800 1423 916 1486 ceteris
943 1419 1098 1501 propheta
1120 1422 1160 1484 de
1182 1424 1268 1484 ocei-
1292 1448 1297 1454 ’

128 1522 252 1586 danieli
273 1531 364 1603 porta
380 1509 512 1585 ¹videtur
534 1529 693 1609 cogitasse
722 1525 763 1588 61.
787 1521 887 1586 Diod.
910 1522 976 1586 sie.
996 1527 1035 1599 2,
1060 1526 1110 1584 17.
1133 1543 1171 1584 ac
1194 1541 1269 1600 pro·

128 1630 240 1701 pterea
272 1621 381 1685 hostes
408 1645 465 1701 per
495 1634 604 1703 portas
634 1628 668 1687 vi
695 1632 896 1707 expugnatas
927 1626 1081 1702 impetrun
1103 1625 1137 1684 in
1161 1643 1269 1686 arcem

128 1725 252 1804 regiam
275 1723 421 1815 (bsstptp)
444 1723 601 1789 facientes
624 1721 786 1807 depingit,
816 1724 850 1786 id
873 1723 956 1802 quod
988 1730 1054 1785 tam
1083 1723 1166 1785 bene
1197 1742 1269 1784 oum

127 1822 274 1885 locorum
292 1830 405 1885 natura
422 1825 586 1904 convenit,
604 1833 640 1888 ut
657 1845 696 1888 eo
714 1817 935 1902 confirmetur,
951 1841 1046 1906 quam
1060 1844 1154 1902 supra
1169 1844 1201 1902 p.
1214 1827 1268 1886 49.

127 1923 169 1984 de
190 1920 408 2004 Kojundihuk
430 1923 512 1986 00116
535 1927 758 2005 proposuimus
781 1925 983 1986 sententiam.
1139 1923 1143 1928 ’

214 2021 275 2104 His
296 2025 361 2084 iam
383 2025 429 2084 ita
452 2023 621 2103 disputatis
638 2027 667 2085 si
683 2021 865 2086 Nahumum
884 2019 1072 2101 prophetam
1091 2020 1268 2102 deprehen·

128 2122 234 2187 dimus
258 2124 292 2184 in
315 2120 462 2187 omnibus
484 2123 580 2188 rebus
604 2127 932 2203 optimeverratum,
956 2142 1086 2204 campos
1109 2124 1192 2184 eirea
1215 2141 1270 2182 ur-

125 2219 202 2284 bem
218 2220 282 2284 late
300 2231 446 2300 patentes
467 2209 547 2307 (vid.
565 2245 596 2302 p.
613 2225 691 2304 37.),
716 2218 954 2306 propugnacula
969 2222 1013 2302 (p.
1029 2223 1096 2302 35.)
1113 2227 1269 2284 autumes

126 2322 172 2400 (p.
191 2321 255 2402 52.)
279 2322 526 2402 describentem,
549 2320 774 2386 aedificiorum
795 2324 963 2386 materiam
986 2324 1030 2402 (p.
1047 2321 1112 2402 63.)
1131 2329 1165 2384 at
1179 2318 1268 2383 1000-

124 2441 199 2482 rum
214 2419 302 2481 urbis
319 2419 491 2484 nonnullos
507 2433 550 2502 (p.
563 2421 629 2502 64.)
646 2422 829 2485 nominibus
847 2424 914 2484 suis
928 2422 1133 2493 afferentem
1154 2420 1270 2483 deinde

127 2507 285 2580 deliea'tos
306 2516 385 2580 Nini
407 2523 524 2583 civium
549 2542 655 2583 mures
677 2543 705 2584 0.
728 2528 765 2599 2,
789 2527 819 2584 6.
842 2526 872 2597 3,
897 2527 947 2584 13.
968 2519 1269 2600 reprehendentem,
1344 2551 1349 2559 ·

127 2625 164 2680 et
187 2637 292 2679 rerum
313 2627 474 2699 gestarum
499 2642 526 2683 0.
554 2627 591 2699 1,
616 2627 666 2685 11.
689 2626 736 2696 3,.
749 2627 777 2683 8.
799 2643 837 2682 ne
859 2618 1055 2699 reipublicae
1074 2629 1176 2683 status
1193 2642 1221 2682 0.
1237 2625 1268 2697 3,

125 2721 235 2778 4.16.
269 2714 354 2778 haud
385 2721 559 2799 ignarum,
579 2717 789 2784 nihilominus
817 2732 926 2782 tamen
954 2728 1064 2783 eontra
1086 2730 1206 2782 certum
1231 2741 1268 2782 ao

125 2813 310 2893 definitum,
335 2836 397 2894 quo
418 2821 465 2879 uti
489 2818 584 2898 solet,
605 2820 759 2901 loquendi
778 2842 893 2904 genus,
914 2819 1033 2884 Ninum
1055 2822 1158 2899 ipsam
1176 2841 1269 2900 prae-

125 2914 284 2994 tereundo
306 2922 432 2981 tautum
455 2938 483 2980 o.
507 2924 544 2997 2,
567 2925 597 2984 9.
622 2927 661 3000 3,
685 2925 940 3003 6160361161ος
972 2919 1103 3000 quodsi,
1127 2921 1268 3000 inquam,
1302 2951 1306 2957 v

127 3014 320 3093 prophetam
342 3015 507 3095 videmus,
537 3039 619 3097 quae
642 3025 711 3101 ipse
735 3022 838 3086 oeulis
861 3023 999 3099 viderit,
1022 3043 1061 3084 ea
1082 3019 1269 3101 aequalibus

126 3123 162 3176 et
183 3135 290 3176 rerum
312 3123 474 3197 gestarum
498 3123 745 3197 quasitestibus
776 3129 1010 3201 exponentem:
1041 3120 1120 3184 11160
1150 3125 1269 3200 omnia,

126 3213 342 3292 arbitramur,
373 3215 484 3278 valent
507 3219 547 3279 ad
571 3219 806 3284 diiudicandam
838 3215 1077 3300 quaestionem,
1103 3230 1208 3286 utrum
1235 3225 1269 3286 in
1334 3273 1336 3276 -
1372 3280 1378 3289 ,

128 3310 278 3372 Galilaea
306 3335 346 3375 au
379 3318 412 3377 in
434 3315 571 3398 Assyria
601 3321 724 3383 vixerit
745 3324 973 3414 scripseritque
1003 3320 1158 3401 propheta
1186 3325 1266 3402 ipse.

55 3460 58 3466 .
126 3409 194 3470 Sed
224 3431 317 3489 quum
349 3419 474 3493 paucis,
506 3419 589 3497 quod
618 3423 743 3499 sentio,
780 3439 945 3499 exponere
978 3443 1151 3500 nequeam,
1184 3420 1266 3486 hano
1385 3429 1389 3432 ’

124 3507 311 3586 disputandi
334 3519 500 3579 materiam
524 3521 558 3580 in
581 3518 670 3583 aliud
694 3529 819 3599 tempus
843 3522 973 3585 differre
997 3520 1093 3585 malo.

138 3659 360 3675 ...κ--κ,

124 3753 217 3800 essent
241 3747 391 3818 elaborata,
420 3741 549 3827 pleraque
578 3762 646 3833 typis
675 3757 809 3834 exscripto¹
840 3779 871 3816 ae
896 3779 930 3818 ne
959 3763 1072 3819 facultas
1095 3764 1203 3834 quidem
1226 3783 1266 3820 re-

122 3830 255 3884 tractandi
270 3847 408 3890 concessu.
452 3840 567 3896 Eosdem
590 3845 676 3900 secuti
692 3845 774 3901 duces
791 3841 922 3918 persaepe
937 3847 963 3902 in
979 3849 1091 3902 eandem
1107 3850 1267 3905 sententiam

123 3909 206 4046 gelati
230 3933 351 4054 ruffus,d
368 3919 413 3974 ubi
443 3940 505 3978 vero
536 3926 714 4006 dissidemus,
746 3929 782 3983 ibi
806 3929 895 3986 oleum
919 3940 944 3986 et
970 3945 1156 4004 operam'uon
1177 3935 1265 4006 perdi·

144 4012 198 4050 1666
224 4015 259 4050 mr
282 4017 288 4052 ι
310 4018 333 4054 u
354 4019 410 4057 601.
660 4019 665 4024 ’
1095 4041 1098 4046 -

533 4161 844 4182 *—

322 4335 442 4388 ilustris,
465 4339 541 4378 trr1s
564 4309 719 4406 BXlRESdUH
741 4343 809 4383 nuru.
833 4345 959 4418 votuit),
981 4347 1056 4387 1111111.
