2974 4906
522 461 617 470 ,Μ
680 420 730 488 43
789 457 884 466 „-

127 609 201 681 post
231 600 402 664 transitum
434 596 487 659 die
515 618 554 659 eo
582 600 751 676 pervenire
782 599 970 677 potuissent.
1019 594 1147 660 Mavult
1175 598 1272 680 igitur
1308 620 1313 626 ·

128 689 386 780 Xenophontem
409 700 526 761 erroris
550 719 702 782 arguere,
725 702 771 762 ita
793 707 829 761 ut
851 699 890 761 de
913 707 1026 778 quarto
1043 698 1115 776 die,
1138 719 1219 778 quae
1234 699 1272 762 de

67 821 70 829 ⁴
127 805 226 866 tertio
248 801 335 864 dicta
359 807 452 878 sunt,
477 798 584 861 valere
601 799 791 876 ¹arbitretur.
836 798 881 862 At
897 819 974 862 vero
992 797 1071 860 haec
1088 800 1274 864 coniectura

128 905 247 966 nititur
275 900 459 964 Rsuuuuurr
489 898 510 962 l.
534 921 561 963 c.
593 922 623 979 p.
650 907 720 964 152.
750 903 923 980 opinione,
955 899 1109 963 Sdbatum
1139 922 1158 962 a
1186 899 1273 965 Nino

128 1010 173 1067 42
194 1000 276 1066 mill.
300 997 473 1086 geograph.
497 998 669 1064 intervallo
693 1010 850 1064 remotum
875 1023 956 1064 esse.
1001 999 1037 1063 ld
1060 1008 1166 1063 tamen
1191 1002 1275 1066 falso

128 1107 176 1168 sio
198 1106 296 1166 statui
318 1105 413 1166 testis
436 1115 485 1166 est
497 1101 640 1166 chrnus
657 1101 786 1166 Narrat.
802 1100 841 1163 ll.
862 1123 892 1180 p.
911 1106 974 1165 407
989 1122 1070 1181 sqq,
1093 1101 1276 1168 luculenter

130 1223 318 1284 exponens,
342 1202 494 1266 Sebatum
520 1206 648 1268 nonnisi
672 1211 713 1268 24
735 1202 816 1266 mill.
840 1223 950 1286 geogr.
973 1203 1028 1278 (cl.
1053 1224 1137 1281 supr.
1161 1226 1192 1284 p.
1208 1212 1273 1287 26.)

132 1307 239 1384 spatio
270 1325 289 1366 a
316 1301 460 1366 Molsula
489 1302 542 1366 vel
572 1303 658 1366 Nino
682 1307 716 1368 in
742 1304 907 1388 Tigridem
931 1324 1157 1383 prorumpere,
1189 1307 1275 1370 uude
1306 1323 1308 1328 ’

44 1471 49 1478 .
133 1407 296 1486 sequitur,
326 1385 509 1468 Rauuunurr
539 1409 809 1484 computationem
842 1410 880 1467 18
903 1402 984 1466 mill.
1009 1425 1117 1486 geogr.
1142 1426 1276 1470 numero
1372 1405 1373 1412 '

131 1510 254 1570 iustum
285 1501 447 1569 excedere
476 1506 614 1569 modum.
659 1505 751 1582 Quae
779 1509 806 1569 si
830 1503 1048 1582 detrahimus,
1080 1517 1277 1573 evanescunt

129 1606 245 1683 simul,
269 1629 350 1686 quae
373 1605 565 1670 Rusuaauro
590 1617 681 1672 erant
704 1608 897 1681 offensioni,
928 1604 1152 1687 difficultates,
1176 1608 1276 1672 nihil-

131 1732 191 1789 que
214 1709 360 1787 impedit,
384 1711 552 1786 quominus
569 1716 760 1787 statuamus,
784 1702 956 1787 Mespilam
975 1708 1115 1774 ¹dirutam
1141 1710 1274 1774 eandem

130 1817 226 1890 atque
242 1807 368 1876 ¹Ninum
392 1829 463 1870 esse
485 1830 590 1888 posse.
637 1811 701 1874 Sed
722 1811 917 1890 exposuisse
940 1828 1002 1869 non
1028 1807 1168 1886 sufficit,
1200 1813 1275 1891 quid

131 1927 204 1973 esse
234 1911 345 1989 possit.
398 1906 597 1993 Diligentius
633 1914 831 1990 inquiramus
868 1931 999 1972 necesse
1031 1913 1143 1993 estin
1175 1915 1275 1977 totius

132 2011 328 2082 narrationis
344 2007 604 2101 Xenophonteae
626 2016 798 2091 rationem,
821 2017 857 2076 ut
882 2008 1101 2089 exploremus,
1127 2013 1201 2090 quid
1223 2035 1276 2076 re-

131 2109 214 2174 vera'
240 2108 300 2171 liae
330 2109 369 2172 de
400 2132 435 2173 re
465 2113 669 2176 statuendum
692 2116 744 2176 sit.
787 2111 835 2176 Ac
858 2113 995 2192 primum
1019 2112 1146 2191 quidem
1171 2111 1288 2198 Anah..

132 2217 172 2290 3,
195 2216 232 2288 3,
256 2216 286 2273 6.
316 2219 483 2291 narratur,
516 2212 835 2278 GraecosSribatum
866 2216 1045 2276 transiisse.
1090 2212 1157 2276 lam
1181 2236 1276 2294 quum

133 2309 279 2395 Tigridis
302 2309 354 2373 hic
378 2310 468 2375 nulla
491 2311 550 2376 fiat
572 2317 713 2392 mentio,
742 2314 901 2393 arbitror,
930 2313 1070 2377 Graecos
1085 2314 1202 2395 paullo
1224 2338 1276 2381 re·

133 2414 254 2476 motius
277 2432 297 2473 a
321 2411 464 2476 fluminis
486 2418 570 2478 ostio
586 2417 620 2477 in
637 2417 795 2478 orientem
810 2418 969 2478 aestivum
986 2436 1116 2495 versus,
1140 2418 1277 2482 fortasse
1355 2435 1360 2442 ’

133 2533 192 2593 per
213 2511 296 2574 vada
317 2514 597 2597 iuxte‚ssittr.h
620 2517 699 2601 (vid.
723 2515 821 2579 Rron.
844 2514 939 2579 Narr.
962 2514 1003 2579 ll.
1027 2539 1056 2596 p.
1073 2523 1152 2598 21),
1177 2517 1276 2582 Saba-

68 2699 74 2708 ·
133 2621 203 2676 tum
225 2600 453 2680 transmisisse.
498 2615 619 2680 Eodem
642 2618 695 2680 die
719 2623 757 2681 25
782 2617 888 2694 stadia
910 2618 1048 2697 profecti
1070 2625 1145 2681 sunt
1169 2619 1221 2702 (3,
1245 2627 1277 2701 3,

135 2713 213 2794 11.).
258 2709 396 2775 Deinde
417 2719 568 2795 proximo
599 2718 652 2780 die
681 2722 869 2782 transmisso
899 2726 1042 2782 torrente
1073 2721 1209 2799 quodam
1233 2720 1277 2805 (3,

9 2887 11 2891 ,
133 2821 174 2892 4,
198 2813 241 2892 l.)
272 2813 454 2896 fugatisque
475 2827 549 2898 post
571 2826 597 2890 8,
613 2820 788 2888 stadiorum
811 2819 897 2887 ,viam
923 2818 1070 2883 hostibus
1093 2821 1146 2899 (3,
1169 2830 1209 2900 4,
1232 2825 1278 2906 3.)

116 2917 207 2977 'sine
222 2912 451 2993 impedimento
466 2921 528 2982 iter
545 2923 823 3017 continuauerunt.
866 2919 929 2983 Hic
946 2917 1061 2984 iterum
1077 2923 1119 2984 ad
1136 2921 1279 3006 Tigridis

133 3017 240 3095 ripam
262 3025 421 3080 venerunt
450 3018 501 3102 (3,
526 3029 567 3099 4,
590 3023 651 3103 6.),
682 3019 767 3084 haud
797 3021 907 3101 procul
938 3045 958 3084 a
987 3021 1167 3086 Larissa
1188 3026 1279 3090 'urbe
1311 3022 1315 3030 ’

135 3115 244 3184 diruta
266 3118 311 3199 (3,
333 3121 366 3196 4,
390 3119 446 3199 7.).
490 3118 586 3197 Quod
608 3120 822 3186 Ruuusuurus
846 3125 1020 3187 secundum
1045 3127 1107 3187 iter
1130 3134 1280 3205 quattuor

18 3294 25 3302 ¹
135 3220 325 3302 parasangis
347 3226 524 3298 aestumat,
548 3222 582 3284 id
604 3222 665 3286 hoc
688 3222 760 3286 loco
784 3231 892 3310 potest
913 3227 1039 3316 omitti,
1068 3248 1162 3306 quum
1187 3227 1278 3291 dubi·
1397 3272 1399 3276 ι

137 3323 211 3383 tari.
226 3328 379 3400 nequeat,
411 3324 487 3401 quin
516 3323 694 3388 Larissa
723 3345 795 3388 eum
824 3323 948 3390 chrrro
980 3325 1127 3408 habenda
1157 3331 1200 3392 sit
1221 3351 1280 3408 pro

136 3405 228 3518 qipd
247 3428 314 3521 „il
339 3422 415 3503 (vid.
432 3445 469 3503 p.
496 3426 561 3508 17.)
583 3428 652 3500 sive
672 3427 776 3489 ruinis
794 3445 896 3508 prope
918 3425 948 3490 N
957 3416 1089 3492 imrud
1107 3429 1136 3512 4)
1160 3432 1287 3508 vicum,
1350 3477 1355 3488 .
1386 3477 1390 3482 -

153 3619 381 3637 *n—

181 3769 183 3778 *
224 3745 259 3826 4)
283 3751 339 3806 lam
361 3752 525 3815 Nraouuarus
549 3753 581 3808 ll.
603 3769 631 3824 p.
655 3749 728 3808 368.
750 3753 815 3822 has,
837 3769 905 3826 quas
928 3755 987 3826 ipse
1008 3773 1062 3812 non
1085 3757 1165 3827 vidit,
1186 3760 1279 3819 ruinas

138 3834 201 3891 aliis
224 3836 419 3893 commendavit
438 3837 696 3909 peregrinatoribus.
740 3839 851 3894 chnrus
881 3839 989 3896 demum
1017 3859 1063 3898 eas
1085 3843 1200 3901 visitavit
1220 3845 1280 3902 hre-

138 3920 262 3992 uiterque
285 3922 304 3977 l.
330 3938 352 3977 c.
375 3922 408 3977 11.
429 3939 454 4002 p.
481 3922 541 3980 129
565 3919 626 3995 sqq.
651 3922 806 3996 descripsit.
848 3921 937 3980 Horae
959 3924 1098 3983 dodrantis
1121 3939 1281 4002 temporea

140 4003 258 4076 Tigridis
288 4007 347 4080 ripa
375 4006 586 4068 Nimrudum
608 4009 738 4080 pervenit.
781 4010 928 4066 Ruinarum
950 4012 1070 4068 omnium
1092 4015 1206 4071 urasime
1227 4033 1281 4074 me·

140 4089 281 4147 morabilis
303 4109 367 4164 pars
391 4091 468 4146 collis
491 4100 546 4161 est,
575 4093 623 4164 qui
651 4093 797 4166 pyramidis
826 4094 912 4150 iorma
942 4095 970 4151 in
996 4095 1082 4164 1445
1103 4099 1203 4171 pedum
1225 4102 1283 4158 alti·

140 4169 263 4230 tudinem
286 4192 431 4247 assurgens
453 4176 765 4250 valdeque'praemptus
789 4179 997 4250 conglomeratis
1013 4182 1133 4252 regionis
1147 4182 1300 4258 lapidibus

142 4261 286 4332 impositus
316 4269 358 4317 est
386 4257 441 4333 (cf.
472 4263 574 4318 dmsw.
603 4263 747 4320 Researeh.
774 4279 801 4337 p.
831 4259 932 4338 257.)
987 4266 1133 4324 circuitum
1166 4270 1284 4336 definivit
1323 4291 1328 4310 ¹

141 4345 254 4401 uranus
278 4343 341 4402 777
363 4345 469 4419 pedum.
514 4348 588 4417 Haec
616 4347 675 4403 siue
705 4347 787 4404 dubio
816 4349 1001 4421 Xenophontis
1023 4348 1159 4429 πυραμὶς
1179 4349 1282 4430 λιθίνη
