2974 4906
577 403 706 442 ·--
761 396 816 460 no
866 432 969 442 --

159 593 162 597 ·
216 576 339 636 numini
357 593 468 634 sacrae
480 572 569 634 urbis
589 572 642 655 Μ)1
663 594 779 636 nomeu
799 573 991 636 translatum
1004 572 1186 638 inveniturt
1210 574 1256 634 sic
1274 569 1365 636 Det·

92 719 100 729 .
216 676 296 736 cetis
312 671 465 754 templum
482 673 545 735 sibi
561 682 712 752 tanquam
735 677 830 736 matri
846 672 1015 738 nobilioris
1032 671 1255 736 Semiramidis
1268 673 1380 736 urbis-

215 796 332 837 nomen
355 774 532 836 vindicavit
556 783 607 852 et,
636 783 671 838 ut
700 775 951 858 distingueretur
982 773 1022 836 ab
1053 771 1127 850 illa,
1159 770 1177 853 ἦ
1209 772 1366 856 ἀρχαία

215 879 310 949 Νῖνος
326 898 500 958 cognomen
516 875 578 938 sibi
590 879 715 953 ascivit.
754 874 830 938 Ullo
847 883 992 954 tempore
1010 881 1089 935 vero
1097 871 1253 954 Assyriae
1268 893 1367 956 regni
1459 917 1460 924 1

215 985 311 1056 caput
332 975 518 1055 Hierapolis
541 975 614 1038 loco
638 980 734 1040 situm
758 978 858 1038 fuisse
881 997 975 1038 nemo
997 995 1137 1052 unquam
1159 973 1219 1036 hoc
1242 993 1367 1057 cogno-

214 1083 303 1144 mine
326 1077 510 1160 significare
540 1075 653 1139 voluit.
704 1061 843 1141 Frustra
867 1081 966 1160 igitur
996 1078 1059 1138 viri
1088 1076 1176 1138 docti
1205 1075 1245 1138 ad
1279 1074 1366 1138 hanc

216 1180 369 1250 Veterem
399 1177 519 1242 Ninum
547 1179 780 1257 provocarunt,
812 1189 854 1242 -ut
884 1176 1013 1240 Ctesiae
1042 1176 1082 1238 de
1112 1176 1200 1239 Nino
1229 1177 1278 1238 ἐπὶ
1306 1177 1365 1240 τὸν

216 1280 387 1364 Εὐφράτην
409 1274 550 1356 ποταμόν
573 1280 768 1342 testimoniis
791 1285 1022 1342 succurrerent.
1067 1277 1122 1339 Ex
1142 1280 1183 1340 iis
1207 1282 1316 1356 enim‚-
1330 1280 1367 1340 in
1459 1291 1460 1306 ¹

217 1359 332 1461 quibus
355 1379 515 1458 hucusque
538 1385 659 1440 versati
682 1400 809 1460 sumus,
839 1368 1053 1462 intelligitur,
1079 1375 1223 1440 Ctesiam
1244 1377 1366 1458 ubique
1459 1453 1460 1466 χ

217 1480 413 1562 Euphratem
439 1500 510 1571 cum
535 1475 669 1562 Tigride
692 1483 876 1544 confudisse
899 1481 954 1556 (cf.
973 1479 1190 1560 Wusssuruo.
1205 1479 1247 1542 ad
1264 1477 1367 1541 Diod.

217 1589 248 1661 2,
264 1588 307 1659 3.,
329 1582 562 1644 Scuuuruass.
578 1581 638 1643 dar
655 1583 820 1646 Porude’ea
836 1605 866 1661 p.
884 1587 968 1660 tto,
990 1581 1127 1644 Hrrzro.
1145 1580 1186 1642 ad
1200 1578 1265 1644 Jes.
1280 1579 1302 1642 l.
1320 1579 1367 1661 c.)
1427 1563 1434 1574 ’

218 1683 329 1746 eodem
355 1703 480 1758 errore,
503 1702 565 1760 quo
589 1682 723 1745 duorum
745 1681 911 1746 fluminum
939 1685 1069 1766 nomine
1086 1680 1170 1762 apud
1192 1683 1369 1760 scriptores

217 1806 322 1850 rerum
354 1781 393 1845 ab
425 1780 619 1845 Alexandro
653 1779 818 1867 'gestarum
852 1805 1079 1863 nonnunquam
1111 1783 1242 1846 confusa
1272 1782 1365 1844 inve·
1458 1789 1460 1808 “

218 1888 350 1948 niuntur
374 1882 463 1946 Curt.
487 1891 525 1960 4,
549 1889 578 1944 9.
601 1881 703 1948 Dion.
723 1883 788 1946 Sic.
816 1889 866 1963 17,
891 1891 940 1948 55.
965 1883 1041 1948 coll.
1066 1882 1245 1946 curlrrian.
1269 1888 1307 1960 3,
1332 1888 1363 1946 7.

217 1985 295 2062 (vid.
316 1982 484 2046 Duorsuu.
513 1982 707 2046 Geeclte'clrte
730 1985 943 2048 Alexandera
965 1977 1022 2049 der
1048 1985 1192 2061 Groreett
1212 2007 1241 2063 p.
1265 1985 1381 2066 ml„

218 2085 379 2162 Accedit,‘
389 2092 423 2170 ut
439 2083 566 2148 Ctesias
587 2087 655 2164 ipse
674 2087 736 2164 (ap.
754 2070 851 2148 Diod.
869 2073 945 2164 2‚'7.
967 2092 1019 2149 26.
1038 2088 1104 2167 27.)
1125 2085 1208 2150 baud
1225 2089 1364 2169 ignoret,

218 2184 339 2250 Ninum
363 2184 571 2248 orientali
593 2188 697 2248 amnis
718 2188 1012 2267 ripaeimpositam
1043 2189 1161 2266 fuisse,
1192 2174 1302 2266 ibique
1326 2208 1366 2250 eo

158 2363 160 2366 Ι
219 2289 326 2350 minus
349 2280 593 2368 delinirique,
624 2286 826 2351 unicaurbe
856 2309 937 2367 quae
960 2297 1071 2368 postea
1093 2285 1112 2368 ἡ
1137 2288 1250 2371 ἀρχαία
1269 2291 1366 2364 Νῖνος

53 2445 56 2449 .
108 2422 128 2469 '‚
219 2387 482 2466 nuncupabatur,
504 2391 662 2471 cogitasse
678 2395 822 2466 apertum
841 2399 911 2468 est,
935 2411 996 2469 quo
1012 2393 1114 2472 magis
1133 2393 1236 2469 ipsum
1253 2390 1365 2472 fugere

220 2510 284 2552 non
310 2490 426 2566 potuit,
450 2486 633 2569 Bumbycen
658 2489 923 2554 occidentem
947 2512 1058 2554 versus
1078 2483 1313 2570 abeuphrate'
1330 2493 1364 2552 in

188 2627 193 2640 ·
219 2591 352 2674 regione
375 2589 610 2674 mediterranea
633 2592 743 2670 quinto
766 2589 894 2654 demum
917 2591 1025 2670 lapide
1042 2595 1190 2675 inveniri
1210 2593 1264 2674 (cf.
1281 2592 1364 2656 Rrr·

191 2728 193 2732 ·
221 2711 297 2756 run.
321 2689 422 2752 Erdlr.
447 2689 490 2752 X.
513 2713 543 2768 p.
571 2693 759 2769 1041.),.et
780 2695 905 2770 omnia,
935 2713 1017 2770 quae
1039 2691 1079 2754 de
1101 2714 1178 2776 agro
1200 2693 1365 2766 Niniveuo

221 2792 361 2868 addidit,
386 2788 598 2855 orientali
618 2789 760 2874 Tigridis
784 2795 874 2871 ripae
897 2799 972 2869 apta
994 2799 1069 2854 sunt
1093 2801 1127 2858 et
1148 2803 1365 2858 consentanea

130 2914 132 2924 ’
223 2893 303 2974 (vid.
322 2892 494 2964 Animadv.
513 2889 552 2952 ll.
565 2911 591 2952 s.
607 2889 688 2981 lim).
733 2891 831 2954 Hisce
855 2891 951 2954 simul
975 2893 1157 2972 concidunt,
1181 2915 1262 2974 quae
1282 2915 1362 2966 uon·

221 2990 305 3056 nulli
334 2994 374 3055 de
403 2990 506 3066 Nino,
536 2992 814 3056 serioredemurn
844 3002 998 3080 tempore
1019 2994 1058 3056 ad
1083 2990 1228 3077 Tigridis
1258 2998 1360 3076 ripam

223 3094 371 3171 condita,
395 3115 414 3155 a
437 3101 547 3156 vetere
569 3090 776 3175 Assyriorum
801 3095 877 3158 sede
898 3096 1123 3177 distinguenda
1141 3093 1194 3158 vel
1213 3098 1310 3160 etiam
1325 3097 1365 3160 de

222 3192 309 3258 Nino
340 3193 559 3277 Assyriorum,
586 3201 619 3258 et
653 3216 764 3278 regum
794 3195 1032 3260 Adiabenorum
1063 3193 1228 3272 domicilio
1257 3217 1366 3260 errore

224 3296 367 3358 confusis
390 3297 564 3368 commenti
589 3304 672 3358 sunt.
718 3294 850 3374 Optime
873 3298 970 3378 igitur
993 3305 1118 3370 veteres
1136 3297 1309 3375 scriptores
1325 3297 1364 3360 de

224 3395 316 3474 loco,
347 3395 401 3458 ubi
430 3393 534 3459 Ninus
562 3398 625 3462 sita
653 3397 770 3475 suerit,
800 3400 948 3461 interse
979 3399 1203 3476 consentiunt,
1232 3417 1363 3481 quorum
1459 3413 1460 3430 ¹

225 3500 402 3562 auctoritas
938 3507 942 3520 '

311 3641 349 3718 3.
374 3645 511 3710 mirifice
534 3621 667 3733 eligetur
689 3670 745 3726 eo,
771 3649 853 3733 quod
873 3650 1033 3734 indigenis
1043 3640 1249 3712 ‘tradentibus
1265 3667 1365 3734 usque

155 3819 156 3824 η
228 3751 268 3813 ad
301 3749 385 3812 bunc
413 3750 499 3811 die'm
538 3751 749 3834 meridiem
787 3770 931 3814 versus
966 3747 1142 3819 a'vadis
1172 3745 1364 3830 Tigridis

110 3875 112 3881 ⁴
228 3859 272 3913 et
293 3853 616 3930 septentriones
641 3871 787 3931 versus
817 3873 836 3913 a
865 3851 997 3934 Lyco,
1026 3847 1297 3914 urbiblolsulae
1322 3869 1366 3911 ex

188 3945 193 3961 ’
230 3950 365 4013 adverso
387 3952 426 4012 in
449 3949 651 4015 orientali
677 3949 870 4035 Tigridis
891 3947 982 4033 ripa
1004 3944 1092 4015 locus
1114 3949 1364 4028 invenitur‚.ubi
1459 4011 1460 4016 ,

236 4120 474 4132 -1——u—-n

297 4220 373 4301 will)
393 4226 546 4290 Edessenos
569 4219 743 4305 Ἀτεργὰτιν
766 4227 884 4284 coluisse
908 4228 1021 4301 eiusque
1048 4243 1187 4286 sacrorum
1213 4227 1386 4298 etiamnunc-1

235 4328 380 4388 superesse
401 4312 527 4386 vestigia,
548 4313 574 4368 in
596 4312 744 4386 Encpclop.
768 4315 889 4370 Halensi
910 4333 931 4370 s.
956 4333 978 4368 v.
1003 4313 1112 4370 Edessa
1133 4312 1317 4390 exposuimus.

1004 4615 1015 4648 Ι
1100 4599 1103 4604 .
