2974 4906
527 431 896 500 ...Μ-...-

100 601 105 610 ’
143 611 217 678 vix
239 613 326 675 enim
347 609 478 691 dubito,
501 615 577 692 quin
599 609 825 690 Meherdates,
849 608 985 695 Tigride
1006 611 1195 674 transmisso
1217 607 1280 674 Ar-

142 712 219 778 hela
239 711 392 792 tendens,
414 711 519 776 Nino
541 715 733 799 regione,
754 717 792 776 ut
805 721 934 792 postero
949 720 1093 792 tempore
1109 708 1280 775 Heraclius
1312 697 1314 706 ¹
1377 727 1379 732 ’

142 815 228 895 apud
252 811 506 893 Theophanem,
539 821 574 879 ἐκ
606 820 751 879 transitu
779 817 898 893 potitus
927 815 972 876 sit
991 815 1123 893 ipseque
1146 810 1282 876 Tacitus
1412 879 1417 888 ,

134 915 185 978 ad
209 913 322 979 urbem
353 911 432 977 olim
462 914 703 980 celeberrimam
729 914 950 994 transtulerit,
981 935 1062 995 quae
1090 912 1130 977 de
1152 917 1282 998 regione

142 1015 230 1079 dieta
251 1021 428 1096 acceperat.
470 1013 605 1081 Accedit
626 1018 735 1096 etiam,
757 1015 841 1096 quod
864 1014 979 1080 Strabo
997 1021 1048 1078 16.
1070 1036 1098 1094 p.
1113 1020 1185 1080 245.
1209 1037 1282 1107 ver·
1373 1053 1375 1058 ·

141 1116 210 1181 his:
238 1112 259 1199 ἢ
284 1116 342 1197 μέν
372 1108 427 1182 οὖν
448 1119 544 1193 Νῖνος
569 1114 656 1192 πόλις
681 1116 844 1202 ἠφανίσθη
876 1113 961 1197 παρὰ
987 1118 1095 1200 χρῆμα
1121 1113 1201 1197 μετὰ
1223 1117 1286 1200 τῆν-

124 1221 206 1281 ·τῶν
227 1215 338 1300 Σόρων
358 1205 395 1301 (i.
419 1239 447 1280 e·
466 1215 648 1302 Ἀσσυρίων)
670 1217 834 1282 κατάλυσιν
855 1215 966 1280 urhem
991 1219 1168 1296 antiquitus
1189 1240 1294 1284 ever..

141 1339 211 1383 sam
235 1337 306 1383 esse
326 1315 539 1399 testificatur,
568 1327 602 1381 et
618 1315 786 1381 'Minoas
814 1337 939 1397 quoque
966 1317 1001 1380 in
1023 1315 1143 1380 lndicis
1164 1324 1226 1399 42,
1249 1326 1280 1382 2.

143 1419 207 1503 (ed.
222 1420 446 1502 Scnmrsosn.)
463 1439 540 1484 eam.
548 1420 677 1482 nonnisi
690 1417 784 1480 πάλαι
798 1416 872 1481 ποτὲ
888 1414 1021 1499 μεγάλην
1042 1419 1093 1482 καὶ
1114 1417 1282 1501 εὐδαίμονα

144 1505 253 1600 novit,
276 1523 366 1585 cuius
388 1518 561 1599 nonnulla,
584 1527 621 1584 ut
641 1517 719 1584 Nini
741 1517 919 1599 sepulcrum
943 1538 962 1581 a
985 1516 1197 1585 Semiramide
1219 1544 1280 1587 ex·

143 1628 317 1702 structum,
347 1627 486 1684 aetatem
515 1619 629 1685 tulisse
659 1622 859 1701 posterisque
885 1622 1026 1703 ingentis
1054 1621 1143 1685 urbis
1173 1621 1282 1690 locum

144 1721 346 1806 significasse
368 1718 532 1785 Diodorus
548 1721 613 1784 Sic.
636 1728 667 1799 2,
690 1726 734 1801 7.,
760 1719 872 1783 Ctesia
893 1726 970 1799 puto
995 1720 1085 1800 duce,
1108 1726 1283 1788 memoriae

144 1821 297 1902 prodidit.
341 1821 408 1885 lam
424 1824 452 1884 si
468 1826 576 1886 omnia
591 1821 835 1903 complectimur
850 1841 914 1884 una
929 1819 1224 1903 comprehensione,
1249 1826 1283 1890 id

131 1922 239 1987 nohis
254 1923 395 2013 ‘videtur
423 1923 560 1988 diversis
589 1932 734 1988 veterum
752 1923 961 1987 testimoniis
983 1925 1131 2006 coargui,
1159 1922 1282 1992 Ninum
1373 1922 1378 1926 ’

42 2026 47 2031 “
89 2037 93 2042 ’
143 2023 255 2088 urbem
286 2047 306 2088 a
333 2024 440 2088 Medis
470 2046 614 2089 eversam
647 2021 750 2087 nullo·
768 2030 912 2102 tempore
942 2022 1043 2086 luisse
1063 2018 1282 2095 ⁴instauratam

145 2126 202 2204 (cl.
225 2125 310 2191 Nah.
337 2129 425 2203 3,·7.
448 2123 551 2205 Zeph.
574 2133 611 2204 2,
637 2130 676 2189 13
701 2124 800 2206 sqq.),
831 2125 1001 2201 scriptores
1030 2130 1138 2189 tamen
1165 2109 1283 2194 melius

144 2227 277 2291 edoctos
298 2227 422 2294 dirutae
452 2227 560 2304 urhis,
590 2247 649 2290 sno
679 2227 810 2288 nomine
839 2221 1038 2304 appellatae,
1067 2231 1282 2312 cognitionem

144 2348 217 2392 esse
236 2334 437 2392 consecutos.
469 2325 562 2391 Nihil
576 2329 674 2412 igitur
690 2327 867 2389 notissimis
883 2324 1020 2389 efficitur
1034 2326 1171 2391 Luciani
1184 2328 1281 2398 Char.

144 2435 196 2494 23.
220 2428 328 2513 (Tum.
351 2427 405 2492 lll.
428 2451 459 2507 p.
479 2433 532 2492 63.
558 2428 608 2490 ed.
630 2426 716 2510 Bip.)
737 2425 861 2491 verbis:
891 2419 911 2507 ἡ
933 2429 1029 2500 Νῖνος
1048 2426 1106 2507 μὲν
1120 2425 1285 2512 ἀπόλωλεν

143 2528 204 2613 ἤδη
226 2528 385 2594 aalaidis
407 2527 492 2608 ljpsoc
512 2525 555 2591 ἴτε
578 2528 683 2592 λοιπὸν
705 2525 818 2609 αὐτῆς·
848 2524 918 2590 οὐδ’
935 2524 981 2590 dv
1003 2525 1085 2614 εἴπῃς
1108 2528 1188 2595 ὅπου
1209 2532 1280 2597 πότ’

144 2622 201 2712 ἦν,
225 2631 339 2710 quibus
361 2651 451 2693 suam
473 2630 694 2694 tantummodo
714 2631 763 2691 rei
780 2625 950 2716 profitetur
966 2630 1212 2713 ignorationem.
1248 2633 1284 2698 ld

145 2751 277 2812 prorsus
306 2733 465 2794 evincitur
495 2750 554 2810 eo,
584 2730 669 2810 quod
697 2726 987 2793 luculentissimum
1019 2731 1058 2795 de
1081 2731 1160 2797 Nini
1179 2738 1282 2800 ruinis

101 2887 104 2893 ,
145 2841 293 2912 superest
323 2834 543 2897 testimonium
579 2830 662 2910 apud
701 2826 972 2910 Xenophontem,
1009 2815 1203 2914 quamquam.
1229 2834 1283 2901 hic

145 2930 266 2996 Ninum
289 2935 392 3012 ipsam
417 2954 480 2996 non
502 2934 648 3008 nominat
669 2953 707 2995 sc
728 2951 768 2992 ne
791 2931 943 3009 opinione
966 2932 1114 3015 quidem,
1138 2925 1213 3018 quid
1235 2942 1283 3003 vi.

146 3031 231 3094 derit
259 3033 397 3112 quidque
427 3033 650 3112 descripserit,
684 3038 858 3114 auguratus
889 3052 960 3094 esse
990 3033 1126 3099 videtur.
1179 3037 1284 3116 Quam
1314 3097 1318 3101 .

145 3131 208 3196 hac
230 3133 270 3196 de
292 3155 329 3198 re
351 3135 415 3196 iam
440 3141 514 3196 ante
535 3132 714 3213 c'omplures
737 3133 838 3195 annn's
861 3129 1072 3215 Rnnuunnro,
1099 3134 1282 3204 Krunnrsso

21 3301 24 3306 ,
147 3243 182 3298 et
203 3234 326 3302 chrrro
351 3229 553 3315 potissimum
575 3242 643 3298 tum
667 3233 852 3297 auctoribus
868 3240 935 3296 tum
950 3234 1084 3319 ducihus
1099 3243 1284 3332 excogitavi

145 3335 352 3417 sententiam,
374 3337 409 3398 in
423 3335 557 3399 eandem
573 3356 657 3398 nunc
669 3334 766 3398 video
781 3333 910 3397 ductum
926 3355 997 3398 esse
1013 3335 1287 3406 Arnswonrnrtnu

149 3433 251 3501 Trav.
273 3436 315 3500 ll.
338 3460 368 3518 p.
392 3441 453 3499 142
475 3457 561 3516 sqq.,
590 3438 681 3499 cuius
703 3432 837 3498 solertia
857 3441 892 3498 et
913 3439 1059 3501 acmnine
1081 3440 1201 3506 factum
1224 3450 1285 3523 est,
1404 3459 1409 3466 ·

144 3543 185 3601 ut
203 3520 410 3617 explanatius
432 3540 551 3616 possim
573 3545 760 3621 argumenta
783 3557 957 3616 exponere.

183 3647 186 3654 '
232 3636 268 3700 ld
292 3641 362 3701 sina
383 3636 451 3732 ulla
473 3637 672 3724 dubitatione
695 3645 817 3702 comum
840 3645 912 3717 est,
929 3639 1037 3704 decem
1060 3630 1165 3707 millia
1183 3642 1286 3709 Grae·

131 3757 279 3828 tuorum,
301 3760 397 3828 quum
415 3735 559 3824 Tigridis
574 3742 677 3820 ripam
692 3737 847 3822 legerent,
869 3736 947 3803 Nini
969 3741 1059 3804 urbis
1080 3748 1286 3832 praeteriisse

145 3841 269 3908 ruinas.
312 3839 378 3903 Eas
407 3861 485 3903 vero
515 3861 613 3924 quare
635 3838 819 3920 Xenophon
840 3838 972 3905 silentio
993 3845 1177 3921 transierit,
1207 3844 1286 3911 illu·

144 3945 252 4004 strare
283 3938 411 4022 quidem
440 3942 564 4006 studuit
592 3941 805 4007 Renunnurns
840 3939 1056 4006 lllustrations
1077 3966 1108 4024 p.
1134 3945 1206 4010 146.
1234 3945 1286 4012 his

145 4039 272 4104 verbius
296 4039 351 4104 tle
372 4041 461 4131 little
482 4043 604 4107 lairere
619 4041 683 4120 left
702 4049 735 4104 to
751 4046 921 4126 curiosity,
944 4043 1165 4127 utilitatium,
1181 4048 1287 4133 might

65 4223 68 4227 .
147 4149 289 4205 account
306 4140 373 4220 for
400 4148 445 4227 its
474 4149 538 4208 rite
566 4143 666 4228 doing
685 4140 806 4227 mered
827 4162 906 4207 ouer
924 4143 1145 4228 nuodrerced,
1173 4170 1287 4222 vereor

145 4249 277 4321 tamen,
311 4263 352 4304 no
379 4245 431 4305 vir
459 4245 734 4328 ingeniosissimus
762 4245 895 4307 auxerit
922 4247 1025 4331 magis
1053 4245 1305 4327 difficultatem„

118 4393 121 4401 .
150 4345 260 4424 quamJ
276 4344 494 4423 expediverit.
537 4342 619 4408 Nam
649 4354 871 4426 praeterquam
896 4345 980 4426 quod
1002 4345 1186 4416 Rnnnnnuu
1210 4372 1288 4414 con-
