2974 4906
531 423 893 490 .....57....-

136 599 216 664 best
244 600 477 664 testimonium.
523 596 707 675 Quantulas
738 602 823 662 enim
851 605 957 677 sunt,
975 604 1013 662 ut
1039 595 1100 658 hoo
1128 597 1280 677 exemplo

136 707 229 777 utar,
252 698 430 781 Rabylonis
449 699 583 764 rninael
618 699 727 764 Paene
749 699 832 763 nibil
854 707 994 764 aetatem
1017 697 1103 776 tulit,
1125 700 1188 760 nisi
1211 718 1281 761 mo·

137 799 363 863 numentorum
386 823 406 862 a
431 799 606 866 Chaldaeis
628 801 756 865 demum
780 800 909 884 regibus
931 802 965 862 in
988 797 1082 862 laeva
1105 798 1280 878 Euphratis

135 901 209 979 ripa
231 897 473 964 aedificatorum
496 921 582 981 pers,
605 901 679 964 dum
703 905 807 980 testis,
829 900 981 965 ruderum
1004 901 1129 962 acervis
1144 897 1281 979 aliisque

134 999 233 1071 rebus
255 1023 312 1080 per
336 1004 476 1080 spatium
492 999 559 1066 late
574 1007 687 1081 petens
701 1002 854 1081 dispersis
870 999 1051 1078 edocemur,
1071 999 1184 1063 urbem
1200 999 1279 1064 olim
1367 1019 1381 1038 ⁸

136 1099 362 1166 multoluisse
383 1104 549 1172 maiorem.
593 1101 746 1166 Attamen
768 1123 846 1166 vero
869 1105 940 1182 quis
970 1109 1036 1179 est,
1066 1105 1120 1181 qui
1143 1099 1280 1174 delinire

136 1201 271 1280 audeat,
306 1202 362 1266 ubi
392 1205 537 1282 initium,
568 1203 625 1266 nbi
645 1201 755 1268 linem
788 1201 930 1283 ceperitl
974 1199 1062 1264 ldem
1095 1203 1163 1266 fere
1192 1202 1282 1266 valet

90 1379 91 1382 Ἴ
137 1301 181 1364 de
205 1301 432 1383 Ctesiphonte,
457 1303 513 1394 ubi
536 1325 638 1382 nuno,
662 1307 689 1368 si
712 1305 751 1368 ab
774 1309 878 1397 5)..ss
904 1289 994 1401 ὡς(
1011 1303 1047 1365 s.'
1063 1302 1194 1368 Corruit
1218 1325 1282 1390 pu·

137 1403 223 1466 Iats'o
246 1405 296 1486 ιε)
327 1403 589 1484 discesserimus,
618 1409 744 1469 nonnisi
774 1403 899 1470 castelli
923 1407 1051 1467 moenia
1075 1412 1108 1468 et
1128 1425 1280 1488 aggerum

120 1504 227 1567 urbis
251 1507 370 1588 exigua
392 1525 466 1584 pars
487 1507 713 1579 invenientem
743 1529 784 1570 ac
811 1505 913 1569 multo
945 1507 1096 1586 pauciora
1118 1507 1282 1589 ingentem

57 1604 67 1610 ”
140 1603 220 1668 olim
244 1604 426 1670 Seleuciam
449 1609 614 1673 civitatem
637 1606 791 1670 hodierno
811 1607 865 1670 die
888 1609 1007 1669 scimus
1030 1604 1213 1686 delineare,
1238 1607 1281 1671 oi.

136 1703 238 1798 lirun.
260 1705 283 1770 l.
307 1729 335 1770 c.
358 1706 399 1771 ll.
422 1731 460 1788 p.-
475 1716 539 1772 404
560 1731 626 1788 sq.,
650 1706 764 1790 Babyl.
782 1707 844 1770 and
862 1707 991 1786 Persep.
1019 1728 1049 1785 p.
1067 1711 1139 1770 160.
1183 1705 1282 1787 Atqui

137 1816 259 1887 quanto
279 1815 355 1871 ante
377 1807 596 1891 Babylonem,
628 1807 871 1888 Ctesiphontem
895 1818 928 1871 et
950 1805 1282 1890 Seleuciam'eversss

137 1911 272 1970 evanuit
299 1908 425 1972 Ninusl
477 1909 569 1985 Quae
601 1913 643 1973 si·
659 1913 824 1989 tenemus,
857 1912 988 1973 omnino
1017 1928 1081 1970 non
1111 1907 1283 1974 admodum

137 2008 351 2087 improbabile
373 2010 533 2089 videtur,
549 2013 646 2072 etiam
670 2009 748 2074 Nini
776 2009 866 2074 urbis
888 2014 1038 2093 graviora
1060 2011 1281 2074 tantummodo

139 2128 318 2188 superesse,
344 2110 483 2174 errrbitus
505 2105 609 2190 spatio
624 2115 761 2191 pristina
778 2110 991 2190 amplitudine
1007 2107 1103 2192 longe
1117 2110 1281 2174 interiora·

75 2263 84 2278 ,
136 2206 252 2289 Atque
274 2211 360 2274 idem
389 2211 457 2296 fers
487 2215 612 2276 censuit
639 2234 741 2292 nuper
763 2213 968 2275 doctissimus
992 2212 1061 2287 vir,
1091 2212 1182 2272 ouius
1203 2231 1281 2274 sex·
1388 2273 1391 2280 ,

137 2313 263 2373 centies
284 2315 317 2374 io
341 2309 400 2374 hac
418 2316 607 2393 quaestione
621 2316 673 2377 usi
689 2335 797 2377 sumus
816 2312 1014 2388 testimonio,
1038 2309 1181 2375 charus
1198 2311 1284 2375 Nar'-

137 2418 202 2474 rat.
225 2411 265 2477 ll.
293 2435 324 2492 p.
347 2421 390 2476 44
412 2433 458 2493 sq.
491 2412 541 2476 his
571 2414 695 2477 verbis:
725 2414 751 2477 Ι
777 2435 827 2477 ons
856 2433 927 2476 noro
956 2411 1135 2490 confirmed
1163 2417 1197 2475 trs
1228 2410 1284 2476 tlte
1332 2413 1338 2420 '

141 2517 276 2594 optem
299 2513 322 2576 Ι
331 2513 471 2593 formed
491 2520 526 2576 r'rr
546 2521 689 2599 ctews'ng
711 2513 766 2578 tlte
787 2517 880 2577 rrrs'rs's
900 2533 995 2594 many
1017 2533 1095 2594 pars
1111 2531 1186 2596 ago,
1210 2511 1284 2576 that

140 2612 199 2675 tde
227 2609 390 2678 inclusore
409 2614 550 2692 formed
570 2617 654 2697 only·
668 2637 688 2677 a
710 2625 791 2699 part
813 2615 856 2693 of
873 2637 894 2678 a
915 2624 1016 2699 great
1037 2619 1115 2696 city.
1161 2611 1284 2676 Contra

140 2733 219 2776 vcro
242 2714 508 2779 Aruswonrnrus
533 2715 640 2779 'fram'
657 2714 751 2796 ll..p.
780 2723 848 2781 139.
873 2716 896 2779 Ι
915 2737 966 2778 om
988 2714 1143 2792 sidetem,
1166 2716 1283 2793 inquit,

140 2818 349 2881 temeranter
371 2815 426 2878 tte
448 2818 612 2880 inclusere
642 2839 680 2880 os
700 2817 826 2902 deping
847 2816 1024 2880 contained
1045 2817 1094 2878 ott
1112 2813 1185 2878 star
1208 2821 1284 2879 eet-

139 2917 217 2980 sted
235 2919 279 2997 of
293 2917 350 2982 tte
371 2921 506 3000 notique
521 2915 692 3002 Ninevet,·
713 2917 780 2982 und
800 2918 826 2981 Ι
842 2918 925 2982 boue
940 2915 1021 2980 dees
1039 2915 1113 2978 oble
1129 2924 1163 2978 to
1179 2924 1283 2994 truce,

141 3017 236 3098 qfter
258 3019 419 3103 repeated
440 3025 694 3099 examinatum,
718 3039 759 3082 rm
781 3026 874 3083 rss'nr
896 3017 1022 3098 beyond
1041 3014 1097 3078 tte
1117 3014 1284 3098 deendory

33 3161 37 3167 ·
140 3119 186 3197 of
201 3117 257 3184 tte
278 3121 388 3197 walls,
411 3117 515 3183 rediet
537 3141 596 3183 are
618 3120 741 3198 rr‘otof
756 3141 777 3182 a
799 3118 970 3199 decidedly
990 3118 1078 3180 locat
1098 3114 1281 3180 character.

141 3219 199 3284 Sic
221 3219 306 3284 baud
326 3227 502 3300 opportune
525 3222 657 3301 accidit,
686 3231 723 3286 ut
745 3221 837 3284 nobis
859 3219 1016 3309 derebus
1038 3219 1283 3296 experientissi-
1329 3205 1338 3232 ⁸

141 3342 265 3384 morum
297 3325 437 3386 virorum
469 3323 588 3387 iudicio
617 3313 660 3385 in'
681 3322 933 3385 controversiam
957 3319 1120 3396 adductiS,
1150 3321 1284 3397 quasin

27 3449 37 3471 .
143 3426 225 3504 ipsis
255 3425 357 3486 ruinis
385 3423 534 3488 malimus
561 3431 665 3487 rastro
697 3430 729 3486 et
757 3421 879 3502 bipalio
911 3421 1109 3500 percontari,
1132 3411 1230 3499 quam*
1250 3421 1285 3482 in

144 3521 233 3588 'vitae
248 3532 378 3586 nostrae
392 3545 528 3604 pensare
543 3523 750 3604 umbraculis,
773 3523 905 3598 ferenda
920 3524 963 3584 sit
979 3517 1152 3584 sententia.
1189 3518 1286 3594 Quod
1359 3558 1363 3567 ·

84 3668 95 3674 -
142 3645 206 3706 quo
229 3627 358 3708 aegrius
381 3627 413 3687 in
436 3647 495 3688 nos
518 3627 731 3705 suscipimus,
763 3647 802 3688 eo
832 3622 994 3687 lubentius
1024 3618 1172 3683 volumus
1203 3641 1284 3695 non·

142 3725 236 3790 nulle
264 3729 297 3789 in
329 3725 471 3789 medium
494 3724 682 3806 protrahere
705 3726 823 3789 futuris
845 3721 1106 3804 exploratoribus
1129 3721 1170 3784 ad
1192 3723 1285 3784 inve·

142 3827 324 3910 stigandam
353 3849 421 3890 rem
451 3826 580 3891 dubiam
610 3829 747 3890 fortasse
777 3825 894 3890 utilius
925 3823 974 3887 Ao
996 3825 1138 3902 primum·
1156 3820 1285 3901 quidem

141 3947 331 4008 persuasum
366 3928 458 3991 nobis
487 3926 659 4006 habemus,
697 3948 806 4002 aream
843 3926 953 4004 illam,
990 3941 1085 4004 quam
1114 3925 1199 4012 muri
1231 3919 1286 3984 vel

142 4049 277 4111 aggeres
306 4028 587 4107 circumscribunt,
617 4027 684 4091 late
715 4037 893 4108 patentem,
922 4047 993 4109 cum
1025 4024 1148 4087 chnro
1178 4020 1214 4104 (l.
1245 4023 1286 4104 c.)

138 4165 372 4176 m

235 4231 286 4310 ts)
310 4236 347 4292 Cl.
371 4238 398 4292 B.
425 4237 506 4294 Hebr.
529 4238 554 4292 h.
577 4237 638 4310 dyo.
661 4255 688 4310 p.
705 4236 786 4303 219„
809 4235 857 4292 lbn
878 4234 902 4289 al
925 4232 1018 4286 Wardi
1041 4250 1068 4304 p.
1094 4231 1173 4301 112,
1195 4232 1295 4289 Abull.

143 4321 243 4392 Gcogr.
265 4339 292 4393 p.
315 4320 386 4378 303.
503 4377 505 4384 ,
1012 4365 1014 4368 .
