2974 4906
518 439 881 506 ..-.53..-.

120 629 376 698 regenr,·curru
407 633 465 676 suo
496 617 551 693 (ci.
581 615 646 679 les.
676 621 734 693 37,
766 623 836 695 24.,
866 613 949 678 Nah.
974 620 1014 692 2,
1046 615 1111 694 14.)
1142 622 1268 678 vectum

121 715 349 798 equitibusque
381 717 595 796 succinctum,
631 716 827 796 triumphum
857 737 952 796 agere
983 715 1137 778 videmus.
1186 715 1269 778 Vide

119 816 235 878 Journ.
255 817 424 900 asiatique,
451 821 541 879 ¹843.
567 816 623 880 Nr.
643 823 671 880 8.
691 806 775 879 Tab.
792 814 900 880 XVll.
925 815 964 878 cl.
981 839 1007 878 c.
1024 839 1052 896 p.
1069 823 1131 880 206
1144 839 1211 896 sqq.
1230 853 1267 863 -
1320 817 1334 840 s

122 916 253 978 Deinde
275 914 413 999 angulo,
438 921 491 996 qui
515 921 751 997 septentriones
776 921 859 980 inter
887 925 919 980 et
941 920 1099 979 orientem
1123 925 1182 993 est,
1205 920 1269 978 cir-

121 1018 318 1095 cumscripto
340 1037 466 1096 murus,
490 1017 575 1082 ultus
598 1040 635 1080 ac
659 1027 864 1096 praeruptus,
888 1020 920 1078 in
943 1019 1109 1080 meridiem
1135 1039 1269 1100 vergens

122 1139 162 1179 eo
186 1115 276 1194 loco,
291 1143 293 1152 ·
309 1137 369 1195 quo
394 1117 523 1181 Khosar
552 1122 641 1181 rivus
664 1121 904 1190 ininterioram
929 1117 1039 1180 urbem
1064 1141 1099 1179 se
1122 1119 1267 1194 effundit,

120 1215 208 1279 colle
232 1215 346 1279 finitur
368 1220 475 1299 edito,
499 1222 631 1283 minime
655 1240 731 1281 vero
756 1219 933 1298 praefracto
956 1221 1001 1295 (r’t
1018 1219 1095 1280 doec
1111 1227 1167 1280 not
1185 1239 1269 1281 reem

122 1317 263 1380 rotave
287 1316 367 1379 laea
391 1319 527 1396 broken,
552 1319 646 1383 chrr.
671 1319 690 1380 l.
715 1341 742 1381 c.
767 1343 795 1398 p.
820 1321 905 1395 aa),
938 1319 969 1377 in
1001 1339 1062 1396 quo
1088 1339 1267 1400 propugna-

122 1416 189 1479 culi
213 1415 324 1498 (Diod.
350 1418 414 1480 Sic.
440 1425 476 1498 2,
500 1421 546 1503 3.)
571 1421 609 1480 ad
634 1419 852 1496 muniendam,
876 1439 968 1496 quarn
994 1416 1046 1480 hio
1070 1418 1147 1479 olim
1171 1420 1268 1480 luisse

122 1517 265 1580 locorum
290 1516 416 1580 indoles
438 1520 582 1602 flagitat,
607 1526 728 1597 portam
752 1539 790 1580 eo
813 1521 914 1600 magis
933 1516 1173 1596 deprehendere
1192 1518 1269 1581 licet

123 1619 315 1699 vestigium,
349 1639 412 1698 quo
443 1623 563 1682 certius
594 1619 714 1698 lapidei
746 1639 898 1701 aggeres,
937 1622 990 1695 qui
1020 1621 1267 1682 etiamnuuc'in

123 1721 189 1780 rivi
212 1728 346 1798 utraque
368 1708 570 1798 reperiuntur
591 1723 662 1798 ripa
685 1715 797 1800 lllrcu.
822 1718 843 1780 l.
867 1741 893 1779 c.
919 1741 946 1796 p.
972 1723 1048 1800 ³9.),
1072 1740 1144 1780 cum
1167 1720 1267 1781 drus·

125 1839 285 1908 wonrruo
314 1817 414 1882 Trav.
442 1819 481 1881 ll.
498 1843 535 1899 p.
560 1825 630 1882 143.
655 1840 712 1899 pro
734 1827 894 1897 portarum
918 1841 954 1879 ac
973 1822 1183 1883 munitionum
1210 1817 1267 1880 ha-

122 1919 219 1982 bendi
240 1927 315 1981 suut
336 1918 493 2002 reliquiis.
538 1919 708 1982 lutroitum
732 1921 829 2008 igitur
852 1921 915 1980 rivi
937 1929 1006 1980 arte
1023 1923 1178 1982 munitum
1198 1930 1268 1981 cer·

97 2022 247 2095 aimus,
278 2027 314 2082 ut
341 2023 467 2083 exitum
501 2023 569 2082 eius
601 2023 717 2082 tultum
741 2039 812 2080 esse
837 2018 975 2079 vidimus
997 2017 1075 2082 Nini
1097 2018 1267 2083 castellum

122 2121 203 2201 (vid.
228 2142 258 2199 p.
280 2122 361 2202 titi).
915 2198 925 2209 .

208 2220 272 2284 His
297 2224 360 2283 iam
382 2225 428 2284 ita
450 2222 620 2302 disputatis
644 2222 752 2284 dicere
778 2227 881 2284 restat
902 2221 942 2283 dc
965 2224 1155 2304 gravissima
1178 2241 1269 2298 sane,

121 2322 178 2386 sed
210 2325 306 2384 etiam
338 2327 483 2386 maxime
512 2323 647 2386 obscura
679 2324 841 2384 moenium
873 2327 963 2400 parte
992 2337 1051 2400 aa,
1080 2343 1161 2401 qnae
1183 2324 1271 2384 iuter

124 2421 255 2484 Khosar
275 2425 379 2486 rivum
404 2433 435 2486 et
457 2424 668 2486 meridionale
690 2423 779 2485 urbis
793 2420 876 2484 latur
891 2425 1077 2506 porrigitur.
1123 2421 1185 2484 ilic
1200 2429 1268 2484 tres

123 2524 356 2605 dignoscuntur
377 2544 530 2608 aggeres,
558 2525 613 2587 ubi
637 2533 750 2586 natura
774 2525 879 2586 minus
900 2527 1058 2587 munitum
1083 2530 1152 2584 crat
1174 2524 1267 2600 oppi-

121 2624 209 2685 dum.
252 2622 300 2686 Ac
323 2628 459 2704 primunr
483 2627 610 2706 quidem
634 2621 674 2688 ab
698 2645 736 2687 co
760 2623 849 2702 loco,
873 2622 928 2685 ubi
945 2622 1176 2686 Klrosarrivus
1192 2622 1268 2686 illa-

15 2729 19 2734 '
119 2721 211 2786 lritur
231 2723 323 2800 orbi,
353 2735 441 2788 recta
464 2725 552 2788 linea
574 2727 733 2806 procurrit
757 2745 865 2786 murus
888 2723 928 2786 ad
952 2719 1143 2786 orientalem
1165 2743 1269 2802 osque

121 2825 236 2887 lateris
258 2809 480 2890 meridionalis
503 2826 665 2910 angulum.
711 2827 765 2890 Sic
788 2847 861 2886 area
878 2823 966 2888 urbis
985 2822 1123 2906 oblonga
1136 2845 1267 2904 prorsus

63 2963 67 2968 ·
122 2925 394 2988 circumscribitur
416 2926 596 2998 moenibus.
641 2925 706 2987 lam
736 2945 812 2986 vero
843 2946 881 2986 ea
912 2927 1072 2986 moenium
1104 2943 1195 3002 perr,
1226 2924 1268 2986 de

122 3045 184 3106 qua
214 3047 297 3087 nunc
328 3033 377 3088 est
407 3030 570 3106 quaestio,
603 3049 623 3098 a
650 3029 704 3088 via
732 3023 984 3102 Karmelisensi,
1015 3043 1096 3102 quac
1118 3045 1136 3084 a
1160 3021 1267 3086 Ncbbi

121 3126 221 3189 Juues
252 3126 331 3208 (vid.
359 3149 389 3205 p.
416 3132 479 3208 50.)
508 3125 591 3190 colle
621 3130 653 3189 in
682 3129 839 3188 orientem
868 3144 981 3186 versus
1010 3119 1147 3188 mediam
1178 3134 1267 3188 secat

123 3247 253 3304 aream,
283 3229 316 3288 in
352 3227 429 3290 duas
457 3227 610 3291 dividitur
640 3235 748 3307 partes
777 3227 846 3288 iere
876 3223 1045 3306 aequales,
1074 3229 1268 3306 inquorum

120 3326 241 3405 alteras
260 3348 340 3405 quae
363 3331 396 3389 in
413 3330 778 3410 septentrionesvergit,
802 3329 864 3389 duo
883 3334 1053 3408 assurgunt
1068 3325 1169 3388 colles
1185 3330 1269 3388 ratis

122 3427 204 3504 editi
226 3429 302 3508 (two
325 3427 563 3513 largimentum,
586 3427 682 3491 chrr.
707 3428 728 3490 l.
753 3449 779 3489 c.
804 3449 832 3506 p.
847 3426 925 3510 43.).
971 3425 1033 3488 Hic
1055 3425 1266 3491 litemus-an

121 3536 405 3608 immoraremur,
437 3550 474 3592 or
503 3528 618 3592 rather
646 3527 734 3606 clad,
765 3526 843 3591 rcr'tlr
873 3526 1016 3590 bitumen
1044 3526 1281 3611 oddortngro-

121 3629 178 3694 lde
205 3629 381 3694 underride
412 3631 455 3710 of
486 3637 514 3693 it
551 3632 646 3693 modo
678 3618 994 3693 effossum-invenit.
1045 3628 1150 3690 Extra
1180 3627 1264 3691 hunc

19 3814 25 3824 Ι
119 3753 249 3795 murum
277 3735 441 3796 interioris
470 3732 557 3795 urbis
586 3730 776 3794 orientalem
809 3731 947 3808 spatium
979 3740 1027 3791 est
1057 3734 1139 3793 2007
1166 3729 1263 3808 pedes

120 3834 242 3912 latum,
266 3853 327 3912 quo
343 3835 389 3894 ita
406 3830 482 3893 olim
499 3837 548 3894 usi
573 3841 663 3908 sunt,
684 3840 720 3894 ut
742 3834 850 3913 iugum
874 3831 954 3891 satis
977 3827 1118 3907 amplum
1140 3840 1205 3894 tam
1228 3833 1266 3893 in

119 3937 278 3996 orientem
295 3952 408 3996 versus
423 3953 515 4010 quam
535 3936 567 3994 in
581 3920 780 3995 occidentem
795 3934 942 4008 utrinque
953 3930 1117 4006 profundis
1127 3933 1271 3994 circum-¹

118 4035 231 4097 datum
241 4035 425 4097 inveniatur
436 4034 544 4112 fossis,
559 4055 615 4114 per
627 4035 823 4112 superiorem
836 4025 965 4108 insuper
979 4039 1099 4108 partem
1107 4034 1208 4095 fossa¹
1220 4033 1266 4115 ὅ),Ι

118 4171 338 4181 ...ιη-...-

208 4255 260 4333 15)
283 4259 333 4315 llic
355 4259 416 4314 lons
440 4259 558 4325 calidus,
581 4257 846 4313 Damlamadlhe
868 4275 940 4313 nunc
961 4267 1079 4327 vocotus,
1101 4263 1261 4334 prorumpit,

117 4346 196 4402 chu.
220 4344 239 4398 l.
264 4349 288 4399 c'.
313 4361 339 4416 p.
363 4343 411 4399 34.
434 4345 486 4399 41.
509 4337 918 4420 50.'‚A1asw.‚licslarclr.p.
941 4341 1008 4402 258.
1026 4361 1065 4416 sq.
