2974 4906
187 1401 196 1474 ζ
287 1385 319 1467 1:
377 1380 444 1507 lle
474 1379 566 1464 loco
596 1361 672 1464 ubi
702 1331 793 1462 sita
815 1375 948 1462 fuerit
983 1377 1135 1462 Ninus.
1170 1325 1177 1332 ¹

155 1781 166 1792 ‘
220 1747 434 1866 Quamquam
466 1775 506 1838 de
537 1771 628 1852 loeo,
660 1793 722 1854 quo
753 1769 882 1838 Ninus
912 1770 989 1836 olim
1019 1775 1084 1859 rita
1107 1775 1224 1856 luerit,
1247 1787 1281 1842 et
1366 1798 1371 1821 ⁸

149 1883 317 1961 superiore
339 1883 371 1940 et
392 1878 571 1940 recentiore
595 1882 701 1938 aetate
724 1869 757 1936 in
779 1875 965 1936 uuiversum
989 1873 1196 1940 consentiunt
1217 1880 1282 1942 viri

146 1981 247 2060 docti,
263 1987 371 2042 tamen
387 1975 606 2050 ablnuunuro
615 1975 747 2059 (Geogr.
757 1973 787 2036 d.
798 1973 853 2037 Gr.
866 1999 895 2038 u.
909 1974 1067 2040 Roem.V.
1077 1999 1108 2056 p.
1116 1985 1180 2041 444
1187 1982 1283 2060 sqq),

148 2081 304 2162 Biennio
325 2081 352 2161 ι)
373 2075 523 2166 ,(Οῐοείαε
543 2075 700 2156 reliquiae
719 2099 749 2156 p.
764 2081 851 2160 391.)
875 2075 1011 2160 aliisque
1034 2099 1134 2158 nuper
1153 2087 1282 2144 omnem

201 2214 210 2222 ι

143 2233 378 2246 -μ-κ--ι--σ-ο-ιη

238 2321 269 2397 1)
291 2326 434 2398 Apponere
455 2323 539 2394 liceat,
556 2323 669 2377 bisunu
689 2320 785 2377 verba:
816 2323 889 2390 „llis
912 2323 966 2379 dici
987 2333 1093 2398 potest,
1114 2334 1283 2400 quantopere

150 2415 223 2470 inter
244 2427 307 2467 sese
328 2408 485 2465 discordent
506 2413 608 2464 veteres
637 2407 665 2461 in
693 2423 726 2462 eo
749 2407 809 2462 loco
834 2407 1003 2477 deliniendo,
1031 2408 1077 2465 nbi
1106 2409 1190 2466 Ninus
1216 2411 1283 2469 urbs

150 2496 233 2555 luerit
253 2496 312 2551 sita.
358 2493 478 2561 Quorum
500 2493 537 2560 it,
557 2491 604 2564 qui
625 2492 657 2546 ad
681 2492 774 2563 Tigrin
795 2491 891 2547 urbem
909 2493 987 2548 sitam
1005 2511 1066 2550 esse
1081 2495 1284 2565 contenderent,

148 2585 344 2640 Wrssnnumro
375 2575 420 2651 [ad
440 2577 549 2634 iliodor.
573 2577 611 2644 ll,
634 2573 674 2648 3.]
702 2576 868 2649 persuadere
890 2586 1050 2649 potuerunt,
1081 2595 1142 2634 cum
1164 2581 1226 2649 alii,
1255 2582 1284 2640 in

120 2677 124 2680 '
150 2667 250 2741 quibus
270 2666 430 2720 Eoenuuns
455 2658 568 2736 [Phalcg
587 2669 614 2717 et
626 2661 698 2716 -Can
722 2662 763 2729 lV,
788 2657 847 2732 to]
871 2663 906 2717 ita
929 2680 985 2718 rem
1006 2664 1131 2736 expedire
1146 2665 1197 2720 sibi
1212 2666 1283 2723 vide·

150 2761 253 2818 rentur,
275 2758 306 2805 nt
327 2748 461 2821 duplicem
483 2748 580 2810 Ninum
603 2746 751 2818 antiquitus
774 2746 907 2802 exstitisse
930 2757 1075 2816 sumerent,
1098 2766 1211 2820 quarum
1229 2767 1285 2807 uua

151 2836 187 2893 ad
209 2836 316 2908 Tigrin,
346 2833 429 2889 altera
451 2831 485 2887 ad
507 2831 671 2904 Euphratem
692 2831 744 2887 sita
766 2830 857 2888 luerit.
901 2831 1026 2901 Cautius,
1056 2821 1087 2889 ut
1115 2834 1142 2889 in
1165 2852 1195 2892 re
1218 2853 1284 2892 non·

27 2915 30 2922 ’
151 2922 217 2981 dum
233 2919 378 2994 explorata,
401 2917 457 2990 egit
471 2917 587 2972 bacmos
605 2915 631 2970 in
647 2915 726 2984 libro,
750 2916 796 2987 qui
814 2915 971 2974 inscribitur
983 2918 1213 2991 Weltgeschichte
1232 2929 1282 2978 etc.
1347 2931 1350 2937 ’

150 3008 223 3062 Part
246 3005 277 3072 l,
305 3021 367 3076 pag.
393 3000 469 3068 197,
500 3002 552 3056 alia
580 2999 663 3056 multa
694 3000 763 3056 hanc
792 3001 820 3055 in
845 3017 901 3056 rem
931 3002 1057 3059 afferens.
1101 3004 1178 3060 Coni.
1204 3006 1284 3061 etiam

150 3093 294 3147 Urrnuonrt
319 3086 554 3164 Parergxhistor.
584 3103 612 3158 p.
637 3085 707 3141 148.
738 3086 806 3141 chn
835 3087 937 3142 second
966 3089 1081 3143 memoir
1110 3089 1142 3144 ol
1165 3082 1285 3163 Babylon

151 3171 253 3248 (Lond.
280 3167 374 3247 1818)
404 3189 430 3246 p.
454 3169 495 3226 38
517 3177 574 3226 not.
603 3167 643 3243 [s.
665 3169 784 3244 Babylon
808 3169 860 3224 and
882 3173 1052 3244 Persepolis,
1081 3173 1166 3229 Lond.
1192 3174 1284 3234 1839.

146 3259 180 3334 'p.
205 3258 273 3316 144.
300 3253 391 3329 173.].
435 3258 468 3313 Et
489 3271 636 3328 sanequam
657 3254 764 3326 siquid
786 3254 879 3323 video,
902 3258 1006 3313 cantius
1029 3258 1172 3328 agendum,
1194 3275 1285 3332 neque

151 3345 281 3400 continno
303 3340 436 3398 lliodoms
457 3340 499 3396 vel
522 3340 622 3395 erroris
644 3339 685 3395 vel
706 3339 887 3412 negligentiae
910 3342 1094 3412 accusandus3
1123 3345 1285 3416 praesertim

51 3427 55 3440 '
152 3445 216 3485 eum
237 3426 309 3482 haud
330 3442 384 3482 uno
407 3426 468 3482 loeo
489 3423 586 3480 Ninum
609 3424 643 3479 ad
664 3424 826 3496 Euphratem
849 3423 966 3497 positam
988 3437 1129 3484 memoret.
1172 3427 1211 3483 hd
1227 3429 1285 3486 Cte-

152 3513 222 3570 siam
247 3512 331 3583 igitur
357 3511 429 3566 hunc
457 3525 576 3566 errorem
608 3503 647 3584 (si
669 3507 777 3580 quidem
799 3527 891 3566 revera
914 3506 1016 3586 esset,)
1046 3512 1143 3568 referri
1172 3529 1287 3578 neccsse

31 3659 41 3684 ,
148 3597 240 3666 'esset3
265 3596 309 3651 cui
332 3605 420 3651 tamen
443 3595 629 3669 patrocinatur
648 3593 841 3663 Philostratus,
862 3611 941 3667 quem
964 3596 1036 3652 haud
1050 3614 1137 3670 pauca
1152 3615 1166 3654 e
1179 3598 1286 3656 Ctesias

18 3668 24 3679 '
60 3704 64 3710 ·
153 3682 249 3750 lihn's,
270 3697 418 3754 suppresso
441 3679 550 3757 quidem
570 3678 689 3734 auctoris
710 3679 836 3747 nomine,
859 3681 991 3738 sumsisse
1010 3682 1119 3739 scimus.
1163 3681 1240 3738 hunc
1263 3683 1288 3741 si

153 3766 263 3835 audias,
291 3766 343 3821 Vit.
372 3765 499 3838 Apellen.
521 3764 548 3831 l,
581 3763 635 3830 18,
664 3780 726 3836 pag.
751 3762 792 3821 23
822 3765 938 3833 Onnum,
969 3765 1002 3820 ad
1027 3765 1190 3838 Euphratem
1220 3768 1288 3824 anti·

154 3851 285 3924 quissima
299 3850 383 3906 Ninus
400 3848 585 3905 condita-esse
597 3846 710 3904 videtur.
748 3847 826 3915 Quod
844 3848 903 3905 inre
919 3849 1057 3905 attendere
1073 3851 1154 3907 iussit
1169 3852 1287 3909 Soanos·
1357 3903 1366 3912 .

155 3953 237 3992 sanus
266 3951 342 3990 mens
374 3934 402 3988 in
430 3927 500 3990 libro
529 3936 632 3989 aureo:
661 3931 891 4004 Weltgeschichte
921 3933 948 3988 in
977 3936 1290 4009 zusammenhtngender

154 4021 307 4091 Emdhlung
327 4035 390 4092 pag.
413 4018 432 4074 8
456 4025 510 4074 not.
553 4019 607 4073 Nec
629 4017 688 4090 ipsc
709 4017 871 4074 Mantuanus
888 4019 1057 4091 Geographie
1072 4020 1121 4075 der
1134 4020 1242 4077 Grieclr.
1258 4039 1287 4078 u.

26 4110 38 4135 *
153 4105 230 4162 Rom.
254 4106 328 4161 Tem.
347 4104 375 4157 V.
398 4119 461 4178 pag.
477 4101 540 4158 444
558 4119 616 4174 seq.
641 4097 753 4172 obloqui
773 4101 854 4157 audet
872 4103 954 4159 certis
976 4112 1095 4160 vetemm
1116 4106 1289 4176 testimoniis,

21 4183 47 4200 '⁸
103 4240 107 4248 Ι
155 4189 205 4260 qul
230 4187 440 4245 vetustissimam
469 4187 566 4244 Ninum
596 4185 629 4241 ad
650 4185 814 4258 Euphratem
834 4196 995 4243 exstructam
1024 4187 1108 4244 inisse
1135 4189 1289 4262 perhibent.
1328 4229 1334 4240 .

154 4273 223 4330 Nam
244 4273 277 4329 de
300 4273 384 4328 altera
401 4271 487 4340 Nino,
510 4287 591 4344 quam
613 4271 701 4326 scrius
724 4270 831 4326 demum
854 4272 989 4329 exstitisse
1012 4272 1119 4344 qnidam
1142 4274 1235 4329 volunt
1256 4275 1290 4328 ad

30 4365 35 4375 '
152 4357 247 4430 Tigrin
262 4357 344 4432 paulo
359 4358 491 4414 remotius
507 4373 521 4412 a
537 4355 605 4412 utari
621 4353 797 4422 aedificatam,
810 4349 874 4429 (vid.
886 4355 1023 4412 Minurus.
1035 4357 1053 4413 l.
1063 4357 1080 4414 l
1090 4353 1289 4436 pag2440sq.)
1347 4343 1349 4354 ¹
