2974 4906
608 431 710 442 --
767 392 813 460 au
874 381 979 440 --.-’

226 573 410 636 etiamnunc
432 575 645 632 mercatorum
668 573 797 652 agmina
819 591 875 648 per
892 568 1006 632 Oriam
1029 568 1224 646 contendunt
1242 569 1373 635 Mulsu-

226 670 302 736 lam.
346 670 457 750 ltaque
479 671 682 752 negotiorum
704 671 885 749 frequentia
907 672 1012 732 omnis
1032 670 1101 732 iere
1117 670 1157 732 ad
1178 671 1374 736 orientalem
1451 643 1452 690 l

226 769 372 855 Tigridis
394 772 502 849 ripum¹
521 768 686 848 compulsa
708 769 786 846 fuit,
816 780 852 832 ut
881 770 957 832 inde
987 791 1044 849 per
1073 769 1246 853 frugiferos
1276 793 1374 854 agros
1452 825 1453 840 ,

224 881 439 936 mercatorum
461 878 659 932 commeatus
679 878 735 934 eut
757 873 792 932 iu
813 869 1013 932 occidentem
1038 889 1150 933 versus
1167 868 1374 953 Babylonem

180 982 186 989 '
226 973 478 1048 saeculariam,
503 977 559 1032 aut
580 973 614 1032 in
637 973 798 1034 orientem·
818 991 929 1032 versus
951 970 1125 1034 interiores
1141 971 1241 1036 Asiae
1264 981 1374 1052 partes

226 1073 359 1138 adirent¹
370 1073 412 1152 9).
456 1068 561 1144 Ninus
574 1073 673 1154 igitur
690 1073 725 1132 in
743 1072 865 1134 vertice
880 1073 971 1150 quasi
986 1069 1094 1153 anguli
1116 1073 1221 1150 posita
1238 1074 1314 1153 luit,
1338 1077 1376 1138 iu

226 1194 320 1256 quem
343 1175 461 1236 itinera
475 1178 509 1232 et
522 1171 689 1234 meridiem
706 1178 740 1234 et
752 1172 952 1234 occidentem
969 1175 1146 1250 spectantia
1162 1176 1372 1238 conveniunt.

226 1271 333 1336 Multo
356 1274 462 1334 minor
483 1279 698 1334 mercatorum
721 1272 902 1354 agminibus
918 1274 1152 1350 septentriones
1165 1285 1198 1337 et
1209 1274 1373 1340 orientem

193 1457 196 1460 Ι
226 1372 444 1454 spectantibus
467 1372 508 1435 ad
531 1371 681 1456 eligenda
696 1374 826 1436 “itinera
855 1369 993 1435 facultas
1015 1393 1168 1436 concessa
1189 1375 1263 1441 tuit.
1308 1375 1374 1440 Hic

227 1478 313 1539 enim
342 1494 463 1554 paucae
486 1461 610 1536 tantum
633 1475 790 1538 montium
816 1471 952 1536 fissurae
974 1472 1140 1555 vallesque
1163 1481 1372 1540 transversae

226 1576 350 1638 aditum
382 1574 422 1636 ad
452 1579 578 1659 montes
603 1570 791 1638 Corduenos
821 1577 1058 1654 praeruptiores
1093 1573 1182 1638 solae
1211 1579 1372 1656 aperiunt.

226 1675 413 1743 Memoratu
435 1675 531 1756 digna
561 1680 636 1737 sunt
664 1675 764 1738 verba
785 1677 1023 1742 Amswoarrrrr
1048 1671 1147 1739 Trou.
1173 1674 1213 1740 ll.
1235 1701 1266 1758 p.
1291 1683 1372 1744 337:

227 1776 283 1840 tlte
306 1781 439 1839 arietent
462 1775 547 1838 rood
568 1774 635 1837 arrd
663 1774 718 1838 tlte
741 1777 873 1840 modern
896 1796 956 1839 oue
979 1796 1020 1839 ou
1043 1775 1098 1840 tlte
1119 1797 1224 1862 appar
1249 1777 1373 1864 Tigrir,

217 1880 281 1960 fol
267 1880 339 1941 Ilow
360 1884 472 1960 pretty
494 1876 591 1938 neart
588 1896 609 1956 p
630 1873 829 1961 throughout
852 1875 906 1940 tlte
928 1897 1016 1940 roure
1038 1879 1132 1959 ttae,
1141 1883 1170 1942 u
1191 1877 1292 1963 burg
1314 1880 1373 1944 de-

227 1977 390 2043 cerneret
411 1975 450 2058 by
474 1976 529 2039 the
546 1975 701 2060 pbprr'col
720 1984 911 2044 ueceouttter
932 1977 975 2054 of
991 1976 1046 2040 tlte
1068 1979 1141 2042 sort
1189 1976 1278 2056 Quot
1294 2002 1373 2044 vero

227 2079 441 2162 quantaque'
432 2099 467 2140 ιιι
488 2076 539 2140 his
561 2078 707 2142 faucibus
729 2081 827 2140 arctis
849 2071 1080 2158 impedimenta
1102 2101 1122 2143 a
1144 2065 1255 2170 copiis
1266 2084 1373 2144 meio-

225 2181 316 2245 ribus
339 2180 518 2258 superanda
540 2182 623 2260 sint,
653 2180 686 2242 id
715 2181 910 2260 augementis
938 2181 1198 2264 investigandum
1221 2203 1286 2246 nou
1310 2192 1372 2262 est,

226 2282 314 2346 sed
304 2301 370 2343 iam
394 2279 505 2341 decem
527 2279 665 2342 millium
684 2279 877 2345 Graecorum
902 2284 1064 2343 aerumnis
1084 2284 1246 2366 cognitum
1268 2281 1369 2346 habe·

225 2405 308 2448 mue.
333 2417 372 2426 -
396 2377 447 2441 Ad
470 2378 552 2442 banc
574 2379 638 2443 loci
662 2384 935 2460 opportunitatem
959 2382 1104 2462 accedit,
1128 2380 1211 2461 quod
1232 2382 1309 2445 urbs
1329 2383 1371 2446 ad

227 2483 396 2568 Tigridem
429 2482 492 2542 sita
520 2481 593 2543 luit.
637 2479 705 2543 lani
728 2478 828 2544 Diod.
856 2480 920 2543 Sic.
944 2488 982 2560 2,
1007 2489 1057 2545 ιι.
1088 2483 1128 2545 de
1158 2477 1370 2560 commodita-

225 2585 331 2665 tibus,
363 2604 441 2664 quas
471 2603 517 2644 ex
545 2580 708 2662 Euphrate
732 2592 765 2645 et
788 2581 922 2666 Tigride
945 2582 1266 2681 amnibusvffilutssll
1291 2587 1315 2647 i.
1341 2608 1370 2650 e.
1418 2601 1420 2606 ’

191 2703 200 2714 “
225 2688 444 2773 opitulatores
465 2682 504 2745 ab
527 2681 686 2745 Arabibus
716 2685 929 2763 nuncupatis,
960 2683 1024 2745 vid.
1051 2681 1147 2746 Kam.
1171 2705 1196 2746 s.
1219 2685 1265 2766 v.)
1296 2708 1371 2765 per·

226 2793 348 2871 cipiant
370 2788 514 2866 emporia
534 2787 660 2864 utrique
684 2786 812 2860 vicina,
844 2781 1009 2862 disputat,'
1035 2806 1093 2846 nec
1120 2784 1216 2870 aliter
1242 2783 1370 2850 Arabm

226 2894 355 2970 saepius
378 2885 546 2972 Baghdadi
567 2889 664 2948 situm
688 2883 1141 2966 opportunumlaudant10).
1186 2886 1233 2950 Ac
1256 2892 1283 2950 si
1308 2885 1370 2952 Ni·

227 3013 304 3056 num
331 2993 433 3070 ipsam
465 2995 663 3068 spectamus,
694 2986 733 3049 ad
766 2985 843 3048 duas
866 2987 1068 3065 potissimum
1090 3007 1143 3050 res
1164 2989 1372 3054 intendamus

227 3095 369 3157 animum
392 3109 522 3152 necesse
539 3096 598 3151 est.
643 3087 786 3150 Primum
810 3087 906 3164 enim,
930 3107 1026 3166 quum
1044 3084 1153 3172 'l'igris
1169 3091 1370 3169 paucisaetan.

226 3202 295 3258 tum
324 3190 417 3278 vadis
446 3184 684 3253 transmittatur
710 3188 856 3267 vadoque
884 3188 954 3267 ipsa
980 3185 1188 3280 nonnisiiu'
1203 3193 1371 3270 superiore

239 3391 439 3408 Μ

314 3511 349 3593 9)
371 3516 427 3572 Hac
456 3511 544 3572 terrae
570 3525 667 3571 natura
689 3512 820 3580 efficitur,
852 3520 883 3568 ut
906 3512 1063 3572 etiamnunc
1080 3524 1262 3578 mercatorum
1283 3521 1368 3592 agmi-

227 3606 308 3663 nibus
334 3602 376 3658 vel
407 3617 422 3655 a
446 3601 520 3655 mari
548 3599 694 3656 Persico
688 3616 715 3653 ιιι
744 3590 896 3653 Armeniam
928 3592 1090 3673 (Genauam.
1119 3601 1284 3660 Lautreise
1296 3607 1371 3662 uocb

118 3689 119 3698 ’
177 3717 180 3726 =
228 3691 330 3748 ludier
358 3704 383 3760 p.
414 3679 499 3758 252.)
530 3692 610 3756 atque
636 3684 740 3757 Syriam
767 3683 808 3740 vel
839 3684 903 3738 hinc
932 3685 1104 3756 baghdadum
1132 3704 1226 3744 versus
1258 3689 1373 3747 tendeu

225 3775 299 3833 tilius
323 3772 415 3828 eddom
437 3770 479 3825 via
500 3787 550 3842 per
571 3769 713 3825 llolsulam
736 3762 874 3844 (Nitriven)
899 3778 925 3824 et
945 3769 1041 3825 Arbela
1063 3771 1254 3843 proficiscendi
1275 3792 1370 3833 neces·

229 3859 318 3919 situdo
342 3859 512 3928 imponatur,
542 3871 595 3926 qua
625 3855 692 3927 ipsis
723 3852 888 3924 antiquitatis
917 3853 1083 3926 temporibus
1114 3854 1221 3928 semper
1249 3849 1369 3918 maiores

229 3946 322 4019 copias
345 3939 519 4016 gentiumque
540 3938 626 3996 moles
650 3939 689 3994 uti
712 3939 879 4004 invenimus,
912 3947 942 3992 ut
964 3939 1035 4010 apud
1057 3940 1134 3996 uiod.
1159 3941 1211 3997 Sic.
1234 3941 1291 4012 17,
1317 3945 1369 4026 53.

135 4057 138 4068 s
228 4032 277 4089 Dio
301 4031 376 4087 Cass.
399 4026 450 4083 68.
473 4023 543 4095 Traj
565 4023 617 4082 26.
661 4024 731 4082 Satis
761 4023 841 4080 etiam
868 4023 1049 4079 Romanorum
1077 4026 1273 4084 calamitatibus
1296 4031 1370 4103 apud

227 4119 313 4174 uum.
335 4115 415 4171 Marc.
439 4108 489 4177 25,
513 4109 542 4164 8.
566 4109 724 4177 edocemur,
748 4108 842 4180 quales
865 4107 979 4164 alienant
999 4110 1168 4168 commerciis
1191 4112 1368 4180 difficultates

228 4197 437 4276 Mesopotamiae
458 4193 628 4251 solitudines.

318 4312 371 4389 10)
392 4316 450 4371 Hoc
471 4313 542 4370 loco
555 4313 635 4370 adli.
659 4311 739 4368 Hehr.
763 4312 790 4367 h.
814 4311 875 4384 ripn.
898 4329 925 4384 p.
949 4312 1011 4371 218
1025 4331 1067 4387 sq
1092 4323 1193 4374 tantum
1216 4331 1345 4389 provoco.
