2974 4906
512 407 892 486 -4-61--η-

131 583 318 670 gemunden
340 582 445 646 buben
467 606 498 647 e.
521 606 553 665 q.
578 607 622 648 s.:
653 585 732 650 haee
755 591 885 675 omnia,
915 591 1065 668 inquam,
1098 591 1127 651 ai
1148 595 1279 660 attento

131 689 243 748 auimo
264 689 350 748 iuter
373 704 408 746 se
430 705 664 767 comparamus,
685 686 845 758 affirmare
865 691 980 767 audeo,
1003 687 1193 770 ampliorem
1214 711 1272 752 an·

132 788 242 865 tiquae
266 784 354 848 urbis
375 784 530 849 ambitum
546 791 650 852 ruinis
666 790 883 852 commendari
899 793 1001 874 magis
1017 790 1272 871 quam'reiutari,

131 885 211 950 lieet
232 885 478 950 Arnswoarero
500 886 649 952 lubenter
676 888 812 973 largiar,
843 894 1030 955 interiorem
1058 881 1170 954 urbem
1198 897 1271 954 tan·

131 994 199 1050 tam
222 988 341 1066 fnisse,
372 997 409 1050 ut
438 988 609 1069 pleraque,
641 1012 723 1070 quae
753 977 792 1054 de
821 991 907 1054 Nino
936 992 1055 1056 tradita
1077 995 1169 1067 suut,
1197 989 1272 1051 inde
1313 1052 1315 1056 .

132 1092 214 1152 satis
236 1087 452 1168 explicentur.
495 1095 499 1100 ’
715 1156 721 1165 ,
784 1165 789 1173 ,

219 1187 283 1252 Sed
305 1191 370 1252 iam
391 1193 528 1254 recurrit
548 1194 713 1271 quaestio,
743 1193 882 1257 fueritne
904 1191 992 1257 urbis
1021 1192 1161 1256 ambitus
1182 1189 1271 1271 talis,
1294 1226 1297 1231 ·

131 1287 261 1368 qualem
282 1299 302 1351 a
324 1288 436 1354 Ctesia
456 1291 650 1370 descriptum
674 1292 875 1358 invenimusi
907 1292 943 1356 Id
961 1294 1041 1356 satir
1056 1301 1144 1356 certe
1160 1294 1272 1376 negari

131 1397 257 1470 potest,
286 1391 445 1470 siquidem
475 1391 606 1456 difficile
635 1415 698 1456 non
729 1402 779 1456 est
807 1393 848 1456 ad
877 1391 1130 1476 coarguendum,
1162 1412 1271 1456 errore

131 1491 269 1570 quodem
292 1495 374 1571 niti,
404 1517 484 1574 quae
515 1493 642 1558 Ctesias
671 1494 711 1556 de
739 1497 897 1558 mensuris
927 1487 1068 1557 tradidit.
1112 1492 1214 1556 Immo
1243 1495 1271 1558 si

130 1593 370 1658 Araswoerrrrr
388 1596 432 1660 'de
454 1595 543 1659 urbis
565 1595 688 1659 ambitu
710 1597 838 1674 proprio
861 1583 1054 1658 sententiam
1077 1593 1132 1672 (el.
1152 1615 1183 1672 p.
1202 1594 1270 1674 5⁷.)
1304 1627 1310 1634 ·

131 1692 285 1774 amplecti
306 1696 464 1776 velimus,
494 1704 567 1777 apte
589 1699 691 1776 possit
713 1697 870 1776 quispiam
893 1695 932 1758 de
953 1697 1077 1757 minore
1101 1713 1271 1758 mensurae

130 1797 227 1858 modo
249 1799 401 1880 cogitare.
445 1797 628 1862 Memorato
650 1796 873 1881 dignissimum
895 1802 983 1858 certe
1004 1794 1063 1857 hoc
1086 1803 1145 1872 est,
1168 1793 1270 1858 arith-

130 1899 282 1960 meticam
303 1900 488 1976 rationem,
521 1918 601 1977 quae
626 1895 737 1960 Ctesia
768 1902 851 1960 teste
881 1899 966 1958 iuter
992 1893 1085 1959 latus
1106 1897 1287 1960 moenium]

115 1999 237 2073 -maius
260 1997 366 2082 (εὖ)
391 2010 423 2084 et
444 2003 549 2062 minua
572 1999 629 2081 (ε
645 1997 678 2079 3)
702 1998 895 2076 intereedit,
911 1999 990 2060 satis
1013 2003 1162 2059 accurate
1186 1997 1271 2060 veris

130 2095 269 2160 laterum
293 2102 452 2165 mensuris
475 2103 521 2164 ita
543 2098 755 2179 respondere,
785 2105 842 2176 ut,
863 2100 892 2159 si
915 2096 1008 2160 nobis
1029 2097 1271 2177 persuademus,

129 2217 301 2260 mensurae
322 2201 491 2280 unitatem,
516 2221 610 2281 quam
630 2198 758 2262 Ctesias
782 2198 887 2260 stadio
909 2207 1024 2281 graeco
1042 2200 1271 2277 interpretetus

130 2307 192 2377 est,
214 2301 343 2378 proprie
365 2301 510 2365 decimae
532 2301 630 2363 stadii
649 2302 733 2379 parti
746 2319 855 2379 parem
871 2298 989 2377 fnisse,
1012 2296 1149 2362 laterum
1164 2296 1270 2382 longi-

129 2400 282 2478 tudines,
305 2407 342 2463 ut
362 2421 445 2463 nunc
468 2410 563 2479 sunt,
585 2403 801 2464 inveniantur.
846 2398 931 2463 Nam
952 2400 1092 2462 medinm
1116 2393 1270 2463 arithme-

129 2503 230 2564 ticum
266 2502 352 2564 inter
388 2509 557 2581 utrumque
593 2501 679 2564 latus
712 2500 841 2584 longius
876 2499 945 2563 fera
981 2502 1053 2579 ipsa
1092 2505 1131 2564 15
1166 2500 1272 2566 stadia

129 2596 247 2679 efficit,
269 2602 419 2680 idemque
439 2604 525 2665 inter
546 2603 609 2666 duo
632 2601 736 2686 latera
766 2604 893 2663 minora
922 2609 943 2667 9
966 2601 1080 2664 stadiis
1102 2623 1270 2681 propemo-

130 2702 206 2767 dum
229 2723 286 2782 par
309 2711 368 2767 est.
411 2701 633 2766 Nihilominus
655 2709 763 2764 tameo
786 2703 839 2784 iis,
865 2703 919 2780 qui
933 2703 974 2763 ad
990 2701 1088 2766 talem
1105 2704 1269 2766 coniectu·
1377 2703 1379 2706 ’

128 2825 218 2882 ram,
251 2825 312 2884 qua
340 2806 449 2866 omnia
474 2804 570 2872 facila
601 2806 634 2867 in
664 2805 858 2866 contrarium
889 2802 1138 2880 detorquentur,
1166 2801 1270 2868 velint

130 2909 322 2988 confugere,
353 2906 496 2986 refragor
520 2895 660 2983 iccirco,
692 2906 774 2983 quia‘
798 2909 887 2966 certa
909 2902 1132 2995 desiderantur
1153 2903 1269 2966 funda·

129 3014 249 3082 menta,
273 3009 463 3085 praesertim
486 3027 580 3084 quum
605 3025 650 3068 ex
669 3024 839 3082 consensu,
865 3005 919 3083 qui
933 3005 1018 3066 inter
1034 3001 1164 3068 Ctesias
1180 3025 1268 3071 oom-

129 3109 330 3186 potationem
342 3115 377 3169 et
391 3110 556 3169 ruinarum
573 3106 790 3168 conditionem
809 3103 869 3168 hac
884 3108 938 3168 via
953 3103 1120 3180 conciliari
1130 3105 1268 3184 videtur,
1344 3167 1348 3176 f

130 3204 214 3270 nihil
236 3210 380 3287 seqnitur
402 3211 465 3271 nisi
486 3207 562 3283 hoo,
585 3208 725 3289 ingentis
746 3205 836 3268 urbis
857 3207 1057 3284 memoriam,
1080 3203 1159 3268 licet
1179 3214 1269 3285 post·

114 3308 258 3370 modum
279 3307 511 3370 incredibiliter
533 3313 681 3383 auctam,
704 3327 748 3368 ex
767 3315 858 3385 parte
871 3314 979 3374 tamen
994 3315 1082 3372 recte
1098 3329 1118 3370 a
1130 3308 1269 3386 posteris

129 3429 201 3472 esse
221 3415 455 3474 conservatam.
500 3405 629 3472 Ctesiee
652 3406 789 3470 stadium
810 3429 867 3486 pro
889 3413 1015 3493 integro
1032 3408 1136 3471 stadio
1151 3428 1268 3490 graeco

127 3509 304 3574 habeamus
323 3513 454 3572 necesse
477 3517 527 3572 est
548 3529 651 3587 neque
666 3510 825 3587 cuiquam,
848 3516 885 3572 ut
899 3514 1024 3590 opinor,
1047 3509 1178 3573 dubium
1194 3511 1269 3586 erit,
1293 3497 1299 3506 ⁸

128 3612 204 3689 quin
229 3609 355 3672 Ctesias
378 3609 509 3688 urbem,
540 3608 667 3689 qualem
699 3608 873 3670 stadiorum
903 3631 1033 3674 suorum
1058 3631 1188 3673 numero
1212 3611 1266 3674 de·

91 3781 95 3790 ,
127 3713 300 3788 scripserit,
323 3711 421 3774 talem
438 3714 535 3774 etiam
550 3720 677 3789 tamque
693 3712 882 3772 immensam
905 3714 1013 3778 animo
1034 3713 1266 3775 informaverit.

129 3808 222 3885 Quod
249 3832 342 3890 quum
366 3815 412 3876 ita
434 3815 495 3891 sit,
524 3812 565 3874 ad
587 3809 813 3891 explicandam
835 3831 903 3872 rem
927 3819 1166 3877 coutmversam
1190 3833 1267 3876 con-

128 3911 307 3976 sideremus
331 3933 461 3975 necesse
484 3920 544 3991 ast,
566 3909 687 3974 Ninum
704 3909 815 3974 urbem
829 3910 940 3974 multis
953 3915 1046 3974 annis
1063 3922 1149 3990 ante,
1172 3933 1268 3992 quam

127 4011 273 4076 eruditae
295 4015 497 4092 antiquitatis
519 4013 693 4091 scriptores
715 4015 784 4074 eius
807 4015 1001 4075 mentionem
1024 4012 1130 4076 faeere
1152 4021 1268 4092 potue,-

63 4176 70 4184 ,
125 4118 220 4190 ruat,
245 4133 315 4177 esse
338 4115 476 4176 dirutam
498 4125 594 4192 atque
616 4114 823 4190 scriptorum,
847 4114 901 4192 qui
924 4112 963 4174 de
985 4093 1064 4175 Nini
1085 4113 1174 4178 urbis
1197 4136 1266 4178 em·
1390 4153 1394 4167 ι

125 4211 284 4294 plitudine
305 4221 493 4292 narrarunt,
518 4216 677 4278 neminem
696 4234 736 4288 ne
753 4215 863 4275 ruinas
880 4212 1008 4292 quidem
1025 4215 1162 4287 vidisse3
1188 4213 1266 4279 Cte-

125 4315 208 4396 siam
239 4316 338 4397 igitur
368 4325 546 4395 temporum
567 4323 605 4379 et
632 4312 775 4377 locorum
803 4311 998 4393 intervallis,
1019 4313 1059 4376 ab
1088 4315 1166 4378 urbe
1195 4319 1266 4395 ipsa
