2974 4906
413 382 1072 490 .'1--eo---.

118 637 121 644 ·
246 621 277 680 p.
307 601 380 663 246.
414 597 475 680 (ο1.
505 617 535 677 p.
566 597 662 681 280.)
692 603 921 660 commemorat
954 596 993 661 τὰ
1022 598 1076 677 τῆς
1101 592 1258 678 Ἀτονρίας
1294 578 1412 656 πεδία

246 701 333 763 eirca
354 695 489 775 Ninum,
510 703 547 763 ut
568 694 753 777 Xenophon
776 693 881 760 Anah.
905 701 936 777 3,
960 706 992 777 4,
1017 703 1067 760 18.
1089 698 1264 781 regionem,
1290 714 1392 774 quarn

247 799 362 865 Graeci
384 807 653 883 peragraverunt,
683 797 788 860 πεδίον
812 795 971 886 appellat,
1003 796 1150 861 laucibus
1173 797 1301 860 demum
1327 795 1390 858 Sa·

247 902 380 966 chuenis
403 898 655 984 (α1.Σανδποδες
678 899 784 962 Strab.
809 904 859 961 16.
882 921 912 979 p.
935 905 1006 963 281.
1031 897 1173 962 Rrrrsa.
1196 895 1298 960 Erdk.
1323 893 1391 960 lx,

245 1027 278 1084 p.
301 1004 390 1086 705.)
415 1008 454 1082 3,
476 1009 516 1080 4,
539 1006 590 1064 24.
615 998 753 1064 finitum.
796 997 956 1064 Narrante
986 998 1132 1063 Diodoro
1160 999 1224 1064 Sic.
1249 1001 1310 1078 17,
1336 1003 1390 1062 53.

246 1102 366 1167 Darius
387 1103 455 1187 περὶ
476 1099 534 1184 τὴν
554 1102 650 1164 Νῖνον
672 1099 864 1183 ποιήσασθαι
886 1101 943 1184 τὴν
962 1099 1142 1186 παράταξιν,
1164 1097 1409 1166 εὐθετωτάτων

214 1255 218 1260 .
245 1201 344 1269 ’ὄντων
365 1206 427 1268 τῶν
448 1203 514 1284 περὶ
538 1199 633 1266 oriris
655 1202 768 1266 πεδίων
791 1209 852 1265 cet.
872 1206 1059 1285 properavit
1080 1211 1113 1267 et
1134 1201 1175 1266 ab
1190 1199 1334 1273 Arriano
1357 1206 1389 1277 3,

245 1311 278 1386 7,“
302 1310 352 1368 12.
376 1311 409 1368 et
430 1326 450 1367 a
472 1299 585 1368 Curtio
608 1312 640 1383 4,
663 1309 693 1368 a.
715 1325 785 1366 rem
808 1303 940 1368 eandem
963 1304 1173 1368 tractantibus
1192 1302 1297 1366 πεδίον
1316 1304 1389 1364 sive

246 1403 437 1492 epultals'ls's
459 1413 493 1470 et
515 1413 611 1470 casta
631 1405 808 1489 planities,
833 1405 1042 1490 explicandis
1064 1410 1168 1491 copiis
1189 1409 1389 1488 opportuna,
1430 1477 1432 1486 y

245 1507 302 1572 ubi
333 1508 476 1586 equitnm
505 1512 629 1570 turmae
660 1504 785 1570 locatae
816 1512 926 1583 erant,
956 1499 1242 1584 commemoratur,
1272 1503 1389 1566 eadem

72 1599 82 1612 ’
210 1675 213 1686 ,
245 1607 408 1688 planities,
426 1626 519 1686 quam
534 1604 715 1686 Heraclius,
734 1610 882 1687 quoniam
900 1607 1032 1687 (πεδίον)
1047 1603 1194 1683 δπεδίξεον
1210 1601 1287 1689 πρὸς
1300 1601 1391 1667 πόδε·

243 1732 305 1788 μον
319 1705 468 1787 Theoph.
488 1729 517 1786 p.
532 1710 604 1772 265.
617 1704 658 1769 D.
674 1717 770 1787 essct,
786 1708 825 1771 ad
843 1707 1143 1791 signaconlerenda
1159 1706 1268 1791 elegit.
1298 1704 1389 1770 Tum

244 1815 425 1873 memoratu
452 1807 583 1892 dignam
613 1807 675 1872 hoc
692 1817 771 1889 est,
804 1808 984 1872 Diodorum
1007 1807 1147 1872 seeundo
1169 1805 1389 1872 bibliothecae
1444 1821 1449 1826 ·

150 1895 159 1926 ⁸
199 1919 203 1929 '
245 1930 323 1975 suae
352 1906 456 1986 libro,
488 1929 549 1993 quo
580 1905 692 1972 Ctesia
718 1918 892 1991 praeeunte
922 1909 1116 1990 Euphratem
1146 1929 1218 1972 cum
1249 1905 1389 1992 Tigride

245 2012 449 2089 commiscet,
477 2008 595 2089 ubique
623 2018 731 2074 tamen
762 2013 834 2077 loca
863 2016 948 2076 circa
974 2009 1095 2093 Ninum
1123 2011 1387 2074 circumiacentia

243 2121 332 2179 recte
353 2134 392 2177 ac
414 2132 490 2176 vere
512 2109 740 2193 descripsisse,
773 2135 868 2194 quum
893 2133 958 2192 cap.
980 2116 1010 2176 7.
1034 2109 1147 2174 urbem
1169 2110 1202 2175 lv
1222 2110 1318 2198 πεδίῳ
1339 2112 1385 2196 si·

244 2224 311 2279 tam
334 2208 426 2300 esse,
456 2211 526 2276 tum
555 2233 600 2275 ce.
624 2218 676 2277 25.
699 2219 751 2277 26.
781 2214 952 2278 seditiosas
978 2213 1089 2277 turbas
1112 2211 1150 2300 lr
1164 2216 1210 2299 τῷ
1231 2211 1329 2298 πεδίῳ
1351 2214 1386 2274 in

176 2391 178 2398 Ι
244 2315 360 2401 fugam¹
376 2315 538 2394 coniectas
562 2320 595 2377 et
616 2316 650 2376 in
672 2323 817 2394 montes,
840 2317 893 2395 qui
916 2321 958 2380 70
980 2315 1085 2378 stadia
1107 2313 1250 2393 (circiter
1265 2318 1286 2376 6
1300 2310 1385 2376 mill.

242 2419 366 2502 geogr.)
397 2435 416 2477 a
446 2411 531 2478 Nino
549 2414 693 2496 absunt,
723 2415 868 2496 repulsas
900 2437 971 2480 esse
1000 2420 1119 2478 narret.
1169 2412 1283 2502 Neque
1304 2425 1385 2480 ver'o

243 2516 384 2581 dubitari
397 2522 513 2595 potest,
537 2517 612 2596 quin
637 2515 766 2579 eosdem
783 2523 908 2580 montes
930 2519 965 2579 in
986 2519 1102 2579 animo
1117 2515 1278 2594 habuerit,
1303 2535 1384 2595 quos

243 2619 284 2682 de
307 2619 382 2700 iugo
404 2614 575 2680 Maklab
598 2623 632 2680 et
654 2616 743 2681 ’Ain
765 2616 982 2682 al-Ssalrsi
1010 2620 1044 2680 in
1074 2615 1241 2698 planitiem
1264 2635 1385 2678 excur-

241 2741 314 2783 rere
337 2738 434 2798 supra
456 2716 745 2794 demonstravimus
768 2719 823 2802 (cf.
848 2717 1003 2798 Theoph,
1021 2715 1142 2782 chron.
1164 2738 1193 2798 p.
1217 2720 1291 2780 266.
1315 2713 1383 2799 0.).

165 2903 171 2910 ἱ
242 2821 354 2901 ltaque
383 2824 508 2883 tantum
539 2817 647 2908 abest,
677 2826 714 2881 ut
741 2823 882 2884 narratio
910 2817 969 2884 illa
1000 2815 1384 2882 Ammiani'Ma'rcellini

243 2927 301 3001 18,
331 2924 361 2983 6.
391 2921 449 2999 iis,
479 2940 561 2999 quae
591 2920 630 2983 de
662 2916 804 2984 locorum
835 2923 899 2986 situ
929 2942 967 2984 ac
998 2925 1112 2982 natura
1144 2917 1236 2981 nobis
1265 2916 1386 2982 tradita

242 3029 336 3099 sunt,
364 3029 399 3084 ut
421 3018 632 3084 Maarsares
656 3023 824 3101 opinatur,
853 3029 1026 3105 repugnet,
1057 3027 1093 3084 ut
1112 3041 1151 3083 ea
1173 3016 1385 3084 confirmetur

241 3124 348 3203 potius
372 3141 409 3184 ac
431 3119 667 3200 comprobetur.
711 3120 796 3185 Nam
826 3143 922 3202 quum
949 3122 1141 3186 Ammianus
1169 3118 1384 3206 Marcellinus

240 3222 266 3288 l.
291 3245 319 3286 e.
351 3220 593 3302 exploratorem
622 3241 658 3284 se
686 3222 726 3286 ab
755 3221 886 3287 homine
915 3221 1057 3308 regionis
1083 3224 1188 3303 perito
1217 3219 1262 3285 ad
1280 3241 1386 3306 prae—

242 3325 346 3388 celsas
366 3342 465 3407 rupes
487 3320 611 3385 calade
632 3323 730 3408 longe
753 3322 933 3402 distantes,
953 3324 1039 3388 aude
1059 3329 1130 3389 ’ναίετ’
1146 3324 1308 3387 oculorum
1325 3322 1382 3387 de-

232 3423 359 3503 ficeret
373 3428 463 3488 acles
476 3421 521 3485 ad
534 3427 832 3508 quinquagesimum
846 3445 947 3511 usque
969 3425 1111 3512 lapidera
1129 3422 1264 3510 paodols
1281 3429 1384 3487 etlam

240 3530 487 3590 mlaals'sss'esara
511 3532 690 3608 appareret
712 3525 840 3589 ductum
871 3549 942 3592 esse
972 3537 1005 3592 et
1030 3527 1070 3591 de
1092 3524 1247 3590 hocloco
1269 3523 1384 3588 foeda-

240 3634 329 3692 rstos
344 3625 497 3690 Sabutum
512 3647 662 3710 magnum
678 3608 950 3709 transgredientes
965 3630 1084 3693 vidisse
1100 3634 1222 3708 narsete
1247 3625 1388 3699 dubium'

241 3750 306 3795 non
330 3737 390 3809 est,
412 3726 644 3808 speculatorem
665 3729 699 3789 in
721 3727 862 3792 ansnale
884 3710 1003 3794 montis
1021 3728 1194 3794 Maklub
1216 3748 1382 3806 cacumen,

132 3829 139 3842 ⁸
240 3832 297 3897 ubi
327 3838 439 3912 pastea
471 3829 701 3892 monasterinm
730 3826 905 3920 Matthaei·
928 3835 1026 3898 sitnm
1062 3839 1147 3911 erat,
1184 3827 1382 3893 ascendisse.

240 3931 320 3997 lnde
342 3934 448 4010 enim,
478 3938 560 3995 teste
581 3926 769 4009 Kaswinio,
797 3937 867 3994 tota
893 3935 984 4014 regio
1013 3932 1202 3998 Ninivensis
1223 3931 1382 4010 prospici-

240 4041 295 4098 tur
318 4033 393 4114 (vid.
417 4052 514 4111 supra
535 4054 573 4112 p.-
591 4031 658 4112 24.)
676 4038 723 4094 et
751 4033 881 4094 omnino
913 4031 1057 4098 chrrrus
1086 4032 1181 4099 Nara.
1203 4027 1244 4093 11.
1273 4051 1303 4109 p.
1327 4033 1381 4094 76.

242 4133 359 4215 ,froas
381 4130 436 4196 lle
458 4135 631 4209 terrast,
649 4121 775 4212 inquit,
794 4132 871 4212 „ff
885 4131 940 4198 tle
961 4133 1056 4199 soalls
1078 4143 1188 4209 lower,
1211 4129 1318 4195 alere
1335 4151 1384 4194 soe

244 4255 304 4300 are
325 4232 456 4318 lodged,
479 4254 527 4298 sce
548 4232 631 4298 lace
653 4254 675 4298 α
690 4232 784 4297 aelle
799 4231 867 4298 aad
882 4235 1050 4300 calended
1065 4241 1158 4312 cs’ese,
1181 4237 1383 4318 comprlss'ng

244 4333 301 4399 lle
322 4332 424 4398 sclale
445 4334 488 4413 af
504 4331 727 4402 Alexander's
756 4340 946 4419 operatione
963 4334 1059 4416 from
1086 4335 1142 4400 tle
1166 4354 1315 4420 passage
1344 4331 1389 4411 af
