2974 4906
589 417 692 431 Ἀ.-
742 329 967 489 coſs-5

105 629 112 634 ,
198 559 306 638 ribus,
338 559 490 622 ducentos
522 559 618 639 pedes
641 559 733 638 altis,
763 560 928 624 defensam
952 560 1061 622 fuisse.
1107 559 1158 622 Ad
1181 559 1260 624 solis
1280 583 1343 626 oc-

198 681 306 723 casum
325 657 498 742 Tigridem
525 667 651 724 amnem
672 664 904 738 munimentum
926 662 1026 724 fuisse
1049 662 1168 724 scimus
1191 669 1258 725 tum
1279 661 1343 725 fir·

199 782 304 840 suuni,
326 760 513 844 ut=Assyrii
535 762 645 825 urbem
668 783 688 824 a
709 755 838 824 nemine
861 762 1040 843 expugnari
1053 781 1157 862 posse
1180 783 1243 825 non
1266 767 1344 826 sine
1420 775 1424 784 ’

199 865 425 942 superstitione
447 865 583 945 quadam
608 859 852 942 arbitrarentur,
876 861 972 925 Diod.
994 861 1057 926 Sic.
1085 869 1115 940 2,
1138 867 1189 927 27.
1235 863 1344 928 Deui-

198 985 259 1045 que
283 972 391 1027 namet
414 964 558 1044 Ctesias,
579 967 614 1027 in
636 964 844 1026 interioribus
866 962 954 1026 urbis
977 962 1119 1043 partibus
1139 961 1178 1028 nd
1198 968 1346 1046 βασίλεια

198 1057 268 1128 sive
292 1083 398 1127 arcem
420 1071 547 1149 regiam
571 1063 664 1147 (ibid.
681 1071 711 1144 2,
734 1070 765 1128 7.
788 1064 856 1148 27.)
881 1065 998 1142 fuisse,
1024 1063 1069 1126 ibi
1091 1063 1344 1130 Semiramidem
1400 1123 1406 1128 .

199 1169 233 1228 in
251 1164 329 1228 Nini
349 1165 607 1250 regissepuloro
627 1171 719 1244 χῶμα
742 1163 945 1248 παμμέγεθες,
967 1185 1082 1226 novem
1104 1168 1209 1230 stadia
1237 1167 1344 1232 altum

199 1276 233 1330 et
256 1267 366 1332 decem
389 1267 494 1330 stadia
514 1266 661 1350 longum,
685 1269 891 1329 exstruxisse
913 1266 1007 1346 idque
1031 1269 1128 1329 etium
1152 1275 1230 1346 post
1247 1289 1345 1330 ever·
1469 1339 1470 1350 χ

200 1389 269 1430 sam
289 1368 400 1432 urbem
424 1370 508 1430 arcis
530 1371 632 1430 instar
653 1371 795 1430 munitae
819 1371 955 1447 posteris
978 1367 1054 1431 Nini
1077 1370 1219 1432 civitatis
1240 1371 1343 1431 situm

198 1471 366 1534 indicasse.
409 1467 500 1544 Haec
534 1468 602 1547 fere
631 1479 722 1546 sunt,
752 1491 832 1550 quae
863 1470 903 1532 de
932 1469 1012 1533 urbe
1044 1473 1115 1550 ipsa
1135 1469 1367 1538 tradiderunt.

199 1575 381 1652 scriptores,
405 1591 505 1649 pauca
526 1569 665 1649 quidem,
685 1571 732 1632 ita
754 1577 861 1633 tamen
885 1572 1080 1651 comparata,
1102 1577 1140 1635 ut
1161 1571 1262 1635 ruinis
1283 1579 1345 1648 aut

200 1675 336 1737 afferant
358 1680 414 1736 aut
428 1672 511 1744 ,inde
534 1671 695 1750 accipiant
717 1669 833 1734 lucem.
1201 1681 1203 1687 ’

285 1804 423 1884 Qualem
452 1797 579 1868 veteres
610 1803 848 1882 descripserunt
877 1803 965 1866 urbis
995 1805 1132 1867 formam
1148 1783 1343 1886 oblongam,

198 1906 297 1978 talem
322 1910 505 1971 etiamnunc
526 1908 636 1968 ruinas
659 1925 735 1984 prae
758 1924 793 1965 se
808 1905 893 1968 ferre
907 1909 1047 1986 speciem
1063 1905 1222 1983 videmus,
1242 1905 1343 1966 modo

201 2011 442 2076 discesserimus
466 2029 485 2069 a
508 2005 652 2093 laterum⁵
669 2004 732 2066 sibi
759 2006 1039 2085 respondentium,
1068 2027 1163 2087 quam
1191 2003 1242 2068 illi
1270 2027 1343 2070 me·

200 2116 338 2186 morant,
356 2107 560 2189 aequalitate.
596 2106 699 2171 Latus
714 2105 925 2186 occidentale,
946 2106 1111 2192 Tigridem
1129 2109 1343 2187 prospiciens,

200 2212 341 2292 perduc
365 2207 468 2271 latera
491 2205 681 2269 altrinsecus
704 2210 846 2287 minora,
876 2228 1009 2286 quorum
1032 2208 1188 2287 alterum,
1209 2215 1342 2287 septen·

199 2311 338 2378 trionale
369 2307 513 2385 scilicet,
547 2306 746 2390 longitudine
779 2317 909 2388 superat
940 2309 1095 2390 alterum,
1132 2309 1190 2372 sub
1220 2292 1342 2393 angulo

200 2423 288 2478 recto
311 2413 379 2475 fere
402 2409 610 2471 excurrentia
632 2412 836 2492 coniungitur
858 2432 929 2473 curn
952 2411 1063 2475 latere.
1077 2409 1238 2473 orientali.
1284 2411 1341 2474 Sic

200 2525 277 2579 area
305 2515 407 2576 oritur
435 2512 520 2572 inter
548 2517 698 2588 quattuor
728 2531 889 2573 murorum
921 2533 1053 2596 aggeres
1086 2512 1182 2596 longe
1210 2511 1342 2592 lateque

201 2624 325 2698 patens,
349 2612 453 2687 testis,
465 2610 638 2704 'lapidibus
653 2608 790 2694 aliisque
807 2610 1029 2677 aedificiorum
1044 2615 1233 2696 fragmentis
1248 2617 1343 2693 quasi

200 2717 306 2780 obsita
328 2711 529 2794 (Bucmnorr.
545 2735 575 2791 p.
594 2717 678 2790 351,
702 2711 828 2774 Arusw.
847 2711 945 2774 Trav.
963 2713 1000 2775 ll.
1020 2737 1049 2794 p.
1066 2715 1162 2796 mc).
1200 2705 1342 2777 Minime

199 2837 277 2882 vero
300 2813 379 2876 hacc
401 2834 477 2875 area
499 2833 627 2892 prorsus
650 2812 746 2893 plana
770 2821 828 2876 est.
846 2826 848 2833 “
875 2811 1059 2898 Clementer
1078 2818 1162 2878 enim
1179 2814 1283 2878 solum
1298 2815 1340 2878 ab

200 2916 351 2982 orientali
373 2934 534 2976 murorum
557 2911 660 2976 latere
684 2935 813 2976 caurum
838 2936 949 2977 versus
971 2919 1110 2999 assurgit
1131 2913 1242 3002 (Rieu.
1263 2914 1287 2979 l.
1310 2939 1339 2981 c.

200 3044 230 3102 p.
256 3017 322 3100 39.)
344 3019 409 3095 ita,
432 3023 468 3078 ut
482 3036 632 3098 aggerum
647 3036 722 3094 pars
740 3014 855 3078 elatior
870 3013 920 3080 bis
936 3015 1105 3079 altioribus
1120 3018 1341 3082 fundamentis

200 3124 243 3184 sit
263 3120 425 3202 impositan
440 3116 532 3198 (ibid.
555 3138 586 3195 p.
606 3121 646 3179 56
660 3119 735 3199 sq.);
761 3120 836 3200 quin
861 3120 956 3180 etiam
981 3125 1077 3180 extra
1097 3118 1209 3181 urbem
1232 3139 1341 3188 assur-

200 3245 275 3312 gere
297 3223 403 3303 pergit
425 3227 458 3283 et
480 3217 532 3280 hic
554 3211 707 3298 proclive,
730 3217 799 3281 illic
821 3212 938 3281 leviter
961 3219 1122 3311 devexum
1144 3239 1256 3282 versus
1276 3217 1338 3282 Ti-

199 3324 321 3408 gridem
353 3318 524 3396 delabens,
556 3318 672 3380 editius
701 3324 735 3380 in
764 3319 894 3382 boream
925 3341 1037 3383 versus
1059 3320 1208 3410 altiorem
1232 3327 1340 3385 terrae

200 3424 332 3510 gradum
346 3419 500 3483 ascendit.
530 3415 673 3482 Mediam
690 3418 771 3483 hanc
783 3423 925 3504 regionis
941 3429 1063 3500 partem
1079 3428 1166 3484 secat
1178 3419 1342 3486 Khosar
1410 3476 1412 3483 .

133 3581 136 3590 ,
199 3529 288 3591 rivus
312 3522 389 3606 (vid.
414 3541 445 3599 p.
468 3519 553 3601 ux),
583 3522 637 3599 qui
666 3517 752 3583 haud
771 3519 890 3600 ,procul
922 3521 962 3584 ab
985 3521 1142 3586 hodierno
1163 3521 1342 3588 Hafbemia

199 3627 347 3726 (affatio)
373 3623 444 3684 vico
464 3623 498 3683 in
519 3622 620 3700 ipsam
644 3619 755 3683 urbem
772 3621 909 3684 influens
925 3645 982 3702 per
996 3632 1212 3686 transveram
1229 3633 1342 3706 manat
1387 3621 1392 3628 “
1469 3605 1470 3622 ¹

200 3748 307 3792 aream
329 3727 359 3808 ⁸)
383 3731 415 3786 et
437 3724 531 3786 iuxta
553 3718 773 3804 Kojundihulr
796 3719 991 3806 eollemper
1014 3723 1244 3788 occidentalem
1267 3746 1339 3789 mu·

205 3913 441 3929 ffl-

287 4030 320 4110 8)
343 4035 418 4092 Nunc
440 4013 475 4088 in
490 4033 619 4090 interiore
639 4031 715 4087 urbis
735 4039 812 4103 parte
834 4007 932 4088 molam
955 4035 1053 4107 agitat,
1074 4037 1127 4094 vid.
1142 4041 1244 4096 Arnsw.
1260 4041 1339 4098 va.

88 4139 93 4150 =
202 4124 232 4178 11.
257 4139 283 4195 p.
302 4119 371 4178 143.
414 4117 541 4176 Eiusdem
555 4118 608 4174 iam
628 4115 717 4172 medio
741 4132 803 4170 aevo
825 4116 979 4176 llaswinius
1001 4122 1028 4176 in
1051 4123 1127 4178 athdr
1147 4123 1242 4180 el·bil·.
1265 4124 1339 4184 libro
1441 4173 1447 4178 .

200 4224 267 4264 msc.
291 4224 314 4262 r..
336 4223 360 4260 v.
381 4203 474 4287 lliuive
494 4203 658 4260 mentionem
687 4199 766 4256 fecit:
795 4197 927 4290 ffibyb
948 4200 990 4286 ῳ
1016 4202 1081 4296 Ut<
1103 4207 1121 4264 j,
1141 4226 1166 4265 e,
1188 4217 1230 4268 ρει
1251 4211 1282 4265 p,
1304 4228 1342 4270 ,a

103 4367 105 4374 ,
201 4309 294 4370 mola,
317 4306 350 4362 de
370 4293 423 4377 qua
439 4303 541 4378 ,multas
564 4319 674 4392 narrare
694 4299 818 4358 solebant
842 4301 954 4360 fabulas.
972 4391 974 4394 Ι
