2974 4906
553 427 660 440 w...
683 393 729 456 37
784 430 879 440 ..-

123 566 180 632 ide
200 565 329 660 Tigris,
354 573 388 628 to
410 563 465 630 ibe
488 570 618 633 arrival
637 576 674 631 at
696 567 833 633 Arbela.
858 605 895 617 -
920 602 959 614 -
985 603 1022 616 -
1044 563 1070 630 Ι
1088 554 1150 630 eoo
1172 573 1264 630 truce

123 666 180 732 tlte
205 666 275 732 Zao
295 667 466 751 plaioip.“
508 667 599 732 Haeo
621 670 720 754 igitur
741 677 816 733 eunt
837 664 1020 750 'camporum
1044 665 1174 731 illoram
1197 665 1265 732 late

123 772 304 849 patentium
326 788 465 849 aequora
487 769 529 832 of.
552 767 636 834 Nab.
659 775 690 850 3,
714 777 744 833 2.
769 771 808 854 (o.
834 769 924 834 Cart.
946 779 979 850 4,
1003 769 1082 850 ib),
1106 766 1161 830 nbi
1185 765 1284 830 olima
1378 759 1380 766 ’

122 870 164 932 de
194 867 272 933 Nini
300 874 387 950 a‘orte
415 867 656 951 decertabatur,
686 870 742 936 nbi
763 868 952 934 Alexander
973 867 1073 933 Asiae
1094 869 1263 948 imperium

33 1039 35 1044 ,
124 973 225 1033 armis
248 969 432 1050 obtinebat,
459 969 629 1034 Heraclius
649 969 781 1034 ultimae
803 973 955 1036 victoriae
975 968 1177 1050 reportabat,
1207 969 1264 1034 ubi

123 1071 327 1139 Chalifarnnr
350 1078 455 1136 aetate
483 1058 611 1153 ¹saepius
633 1071 790 1154 dynastae
820 1075 997 1135 certamina
1026 1092 1083 1134 aaa
1109 1070 1278 1133 decerne-¹

122 1172 204 1236 bant
226 1173 267 1236 cb
290 1171 401 1236 Abulf.
425 1172 510 1240 Ann.
532 1171 556 1235 1.
579 1195 609 1252 p.
634 1179 708 1237 408.
732 1179 803 1237 484.
836 1171 878 1238 Β.’
894 1171 996 1236 Hebr.
1018 1194 1049 1252 p.
1070 1176 1144 1235 463.
1166 1169 1207 1244 ol.
1233 1191 1260 1244 o,

121 1271 200 1336 hist.
224 1274 301 1355 dyn.
332 1297 362 1354 p.
386 1281 460 1344 440„
501 1272 593 1349 Quae
615 1277 679 1338 iarn
702 1273 846 1340 locorum
867 1275 1105 1356 opportunitate
1126 1269 1261 1352 praebe·

100 1375 238 1441 bantur
260 1377 476 1455 munimenta,
507 1397 551 1438 ea.
575 1375 665 1440 urbia
694 1380 855 1441 moenium
886 1373 1041 1439 firmitate
1063 1371 1262 1455 augebantur.

121 1475 206 1560 (vid.
228 1467 303 1538 infr.
327 1497 358 1555 p.
381 1481 422 1540 45
446 1477 528 1557 sp),
561 1477 674 1556 quibua
703 1475 868 1556 omnibus,
903 1496 965 1557 quo
992 1476 1093 1539 tatius
1120 1472 1261 1552 undique

121 1577 376 1642 existimandam
400 1583 469 1639 erat
490 1580 581 1660 regni
603 1588 718 1684 caput²
746 1600 785 1642 eo
814 1581 916 1664 magia
944 1578 1047 1641 erevit
1067 1593 1179 1638 secura
1201 1570 1261 1635 illa
1335 1548 1345 1592 ‘¹

120 1684 191 1740 turn
212 1699 323 1762 regum
339 1687 405 1743 tum
423 1699 588 1757 procerum
605 1677 738 1764 (nannete
754 1677 835 1744 Neb.
853 1685 883 1759 2,
899 1685 940 1759 6.,
961 1679 1139 1759 μεγιστᾶνες
1153 1673 1260 1754 Sept.)

120 1781 260 1859 inertia,
293 1783 500 1844 opinaretur
530 1788 562 1842 et
590 1782 715 1863 integer
736 1782 829 1843 testis
851 1778 979 1845 Nabum
1001 1773 1154 1857 propheta
1177 1794 1204 1837 e.
1227 1778 1259 1856 2,

121 1885 143 1942 6
166 1901 234 1960 sqq.
259 1889 324 1958 est,
356 1877 408 1942 vel
432 1877 558 1944 Ctesias
581 1881 664 1961 apud
686 1879 865 1946 Diodorum
889 1881 952 1946 Sia.
971 1879 1014 1962 ’2,
1038 1880 1079 1941 23
1101 1895 1169 1958 aqq.
1192 1880 1258 1938 tra·

120 1981 245 2044 ditione
268 1981 398 2044 edoctus
420 1983 614 2045 mentionem
636 1983 725 2047 feeit.
1216 2016 1222 2026 ·
