2974 4906
547 370 909 458 arr-.-

154 581 227 632 rum
251 559 284 630 in
301 565 467 650 Tigridem
483 570 670 646 prorumpit.
702 565 752 630 Cl.
770 533 906 631 Rimul.
923 587 951 630 c.
969 587 999 645 p.
1017 539 1146 644 56.64.,
1167 563 1294 628 Arssw.

155 666 257 732 Trav.
279 666 319 729 ll.
344 689 373 752 p.
399 673 460 730 142
482 688 528 747 sq.

240 769 302 832 His
315 773 379 832 iarn
395 770 441 830 iia
458 769 618 848 expositis
633 768 871 831 consideremus
885 765 1081 830 occidentale
1096 766 1184 828 urbis
1199 763 1294 830 lalrrs.
1411 817 1415 832 ‚

154 870 406 950 Circumscripta
437 877 486 932 est
514 868 592 932 haec
612 867 692 931 Nini
715 891 788 948 pars
818 868 914 954 longa
945 876 977 931 et
1005 889 1101 947 saepe
1133 868 1300 948 perfracta

152 974 250 1036 unius
272 975 398 1053 aggeris
421 973 516 1050 serie,
539 991 631 1050 quae,
655 970 728 1032 inde
743 970 782 1032 ali
798 970 916 1053 angulo
934 967 1179 1048 septentrionali
1194 990 1294 1049 usque

139 1073 196 1142 ,ad
221 1071 326 1135 Nebbi
347 1071 447 1136 Jonas
475 1073 581 1134 vienni
612 1078 701 1135 recta
723 1071 791 1134 lere
816 1071 904 1136 linea
927 1091 1116 1152 procurrens
1135 1071 1181 1152 ⁹),
1214 1072 1294 1132 sini-

145 1179 310 1238 strorsum
333 1172 441 1252 paullo
463 1171 639 1235 inflectitur
664 1179 697 1234 ct
718 1170 802 1236 haud
827 1173 937 1252 procul
955 1173 996 1236 ab
1011 1170 1127 1254 angulo
1142 1171 1293 1234 meridio-

151 1273 222 1338 nali
249 1274 290 1336 ad
320 1274 470 1336 dextram
498 1294 626 1335 manum
650 1275 765 1344 iterum
778 1273 977 1356 declinatur.
1022 1269 1073 1334 Cf.
1097 1271 1194 1335 Rieu.
1218 1272 1240 1336 l.
1265 1295 1293 1347 c,

151 1382 262 1456 p.'40.
306 1373 343 1436 ln
374 1381 457 1440 3500
487 1374 665 1437 cubitorum
698 1373 896 1457 anglicorum
928 1374 1156 1458 (yordelsiv‘e
1190 1381 1293 1439 10500

147 1477 268 1556 pedum
286 1466 526 1558 'longitudinem
550 1477 737 1540 extenditur
760 1484 842 1539 teste
865 1475 1111 1540 Arnswonrrrro
1135 1473 1233 1538 Trav.
1250 1475 1292 1538 ll.

150 1600 185 1656 p.
206 1582 276 1640 138.
323 1575 463 1639 Omnino
489 1595 578 1654 vero,
601 1582 637 1638 ut
657 1573 885 1640 Breuitate.
905 1598 936 1656 p.
956 1582 1005 1640 35.
1029 1576 1147 1640 diserte
1172 1585 1293 1658 monet,

152 1677 208 1740 hic
237 1679 364 1742 nonnisi
399 1681 495 1740 unius
523 1679 607 1739 niuri
638 1687 811 1760 cernuntur
841 1680 988 1760 vestigia.
1041 1675 1150 1760 Tigris
1184 1685 1293 1742 autem

151 1781 277 1856 amnis,
307 1780 358 1840 cui
387 1777 557 1840 obversum
590 1784 639 1840 est
658 1774 730 1839 'hoc
758 1769 847 1841 urbis
870 1777 975 1856 latus,
1006 1778 1308 1856 aseptentrionali*
1372 1822 1384 1833 1.

151 1882 318 1942 ruinarum
339 1877 459 1962 angulo
470 1867 518 1940 'in
532 1878 729 1940 occidentem
747 1899 858 1942 versus
872 1877 982 1960 paullo
996 1878 1119 1941 recedit
1132 1877 1293 1964 longoque

106 1998 111 2002 ·
150 1979 244 2042 flexu
264 1980 305 2042 ad
328 1977 571 2042 meridionalem
595 1979 723 2061 demum
738 1978 991 2065 urbisangulum
1006 1973 1189 2044 revertitur.
1226 1982 1293 2057 Qui

150 2103 279 2144 arnnem
309 2083 394 2142 inter
423 2091 456 2158 et
484 2079 594 2142 urbem
625 2089 675 2144 est
704 2080 925 2145 semicirculus
954 2104 1048 2166 ager,
1084 2101 1155 2144 eum
1185 2082 1292 2151 medio

151 2204 235 2247 aevo
256 2181 441 2248 Saladinum
465 2182 633 2262 perfodere
655 2180 798 2245 voluisse
822 2186 885 2246 inm
910 2204 1006 2263 supra
1028 2206 1056 2264 p.
1079 2188 1129 2244 22.
1153 2198 1291 2245 comme·

150 2271 358 2348 moravimus.
402 2281 495 2346 Nunc
518 2292 703 2348 coutuntur
718 2284 758 2345 ad
774 2283 927 2347 lanicium
945 2283 1118 2363 silvarum,
1149 2282 1291 2348 melones

150 2384 280 2464 aliaque
309 2383 444 2447 colenda
476 2382 629 2467 (Bromi.
654 2388 837 2466 c.,p.·38.).
887 2383 1003 2447 Amnis
1030 2387 1129 2468 igitur
1156 2407 1213 2463 per
1243 2393 1294 2449 tot
1368 2389 1372 2393 ’

151 2485 263 2549 secula
285 2507 410 2548 cursum
435 2506 525 2548 suuni
550 2506 613 2547 non
636 2485 807 2547 admodum
824 2493 963 2548 mutasse
978 2486 1213 2565 existimandus
1232 2494 1291 2555 est.

121 2630 125 2639 ,
148 2587 188 2651 In
204 2586 263 2649 hac
276 2587 365 2650 urbis
379 2592 482 2664 parte,
504 2607 584 2664 quae
602 2584 769 2670 Tigridem
783 2588 947 2665 prospicit,
965 2588 1107 2648 omnium
1126 2590 1290 2650 maximae
1311 2607 1332 2642 -¹

149 2691 360 2754 inveniuntur
381 2685 550 2772 reliquiae,
574 2708 618 2752 ex
642 2681 774 2767 quarum
798 2708 930 2750 numero
952 2708 1030 2766 prae
1051 2689 1168 2750 ceteris
1187 2691 1291 2752 nomi-

151 2789 276 2852 nandus
304 2796 354 2851 est
1247 2797 1248 2802 ’

133 2883 137 2888 ’
177 2909 182 2918 “
238 2892 269 2971 1)
291 2887 384 2952 collis
406 2889 582 2958 illemanu
605 2877 807 2970 exstructuS,
832 2890 886 2968 qui
905 2885 1024 2972 angulo
1047 2889 1292 2967 septentrionali

150 2993 279 3072 propior
302 3011 469 3054 nnncuna
491 3013 561 3055 curn
591 2994 683 3069 vico,
713 2993 776 3071 ipsi
806 2992 976 3068 imposito,
999 2987 1139 3053 Turcico
1162 2996 1292 3057 nomine

149 3091 194 3156 K
199 3073 357 3174 cjonds
359 3091 435 3155 dulc
465 3092 519 3177 (li.
550 3115 579 3156 e.
610 3092 781 3175 agnellus)
810 3089 989 3186 appellatur
1008 3091 1086 3180 ¹⁰).
1124 3091 1297 3184 Mororum

151 3196 257 3274 parti,
286 3192 325 3254 de
348 3213 413 3271 qua
425 3215 515 3281 punc
539 3202 588 3256 cst
610 3196 773 3273 quaestio,
804 3196 850 3255 ita
880 3194 1020 3255 insertus
1041 3194 1225 3274 invenitur,
1257 3202 1294 3259 ut
1351 3197 1353 3202 ’

152 3293 352 3383 occidentale
375 3297 444 3374 eius
465 3294 552 3358 latus
570 3303 659 3357 recta
680 3295 767 3356 linea
787 3314 937 3355 unacum
952 3314 1043 3354 muro
1058 3303 1225 3373 procurrat
1239 3295 1292 3359 vel

152 3397 238 3458 muri
268 3397 369 3474 ipsius
401 3405 522 3476 partem
555 3394 682 3458 efficiat.
733 3393 827 3456 Nunc
856 3392 1026 3477 irregulari
1055 3393 1159 3457 forma
1186 3399 1221 3458 in
1252 3402 1291 3461 13

154 3497 282 3575 pedum,
304 3499 431 3559 ratione
451 3496 680 3576 perpendiculi,
702 3494 903 3558 altitudinem
926 3497 1076 3578 assurgit,
1100 3502 1182 3561 1850
1195 3481 1292 3577 pedes

72 3627 78 3632 ·
153 3596 194 3658 ab
217 3599 341 3660 oriente
364 3600 397 3660 in
422 3598 618 3660 occidentem
641 3619 772 3677 versus,
803 3602 885 3690 1147
909 3597 1006 3677 pedes
1032 3618 1050 3659 a
1074 3593 1292 3678 septentrione

154 3700 188 3764 in
205 3699 371 3764 meridiem
389 3721 500 3764 versus
517 3699 749 3786 patensfflrcrr.
767 3697 956 3782 Babylaud
969 3697 1135 3778 Persepol.
1150 3721 1179 3782 p.
1191 3693 1279 3783 174.)
1377 3775 1380 3781 ,
1418 3729 1427 3742 ·

240 3972 275 4051 9)
298 3977 328 4030 ln
351 3976 527 4033 describenda
550 3977 601 4034 hac
618 3977 694 4034 urbis
715 3987 792 4050 parte
813 3976 967 4034 Bruuius-l.
991 3992 1014 4032 c.
1038 3979 1292 4036 ottinswonrurus

155 4062 229 4118 l'rav.
253 4061 283 4116 ΙΙ.
308 4079 335 4134 p.
363 4060 431 4117 138.
454 4062 573 4120 intcr'se
596 4063 728 4120 dissident
749 4063 799 4131 ita,
829 4071 860 4118 ut
879 4053 1150 4118 dissensus'uounisi
1172 4080 1239 4120 nova
1262 4065 1290 4119 in

154 4146 223 4218 ipsis
246 4146 332 4202 ruinis
355 4147 475 4203 instituta
497 4145 686 4220 disquisitione
708 4156 789 4220 queat
810 4145 958 4202 conciliari.
1285 4213 1288 4220 Ι
1332 4157 1333 4160 ’

241 4226 293 4305 10)
316 4231 480 4288 Positionem
503 4233 654 4290 accuratius
677 4233 796 4289 delinivit
817 4233 999 4288 Buoxrrounu.
1021 4230 1119 4287 liciscn
1140 4231 1167 4287 d.
1189 4233 1289 4306 llesop.
