2974 4906
555 411 906 474 --r--

159 607 192 666 p.
216 590 267 648 11.
290 586 410 678 ,isare
431 590 512 692 ἐμω
533 615 583 687 Ua
607 585 638 648 Ιι.
663 609 691 650 e.
714 607 797 656 onor
820 605 865 652 ac
887 591 971 652 cicir
988 582 1198 672 stragmenta,
1222 584 1296 648 Sia·

159 706 269 770 gararn
290 633 377 750 luter
398 695 431 750 et
451 685 649 752 Makininam
673 687 799 771 (Abull.
825 687 942 773 Geogr
967 709 998 768 p.
1025 683 1172 770 282,Β.
1196 682 1297 751 Heba
1403 761 1408 772 ¹

58 855 59 864 ,
160 808 190 868 p.
214 790 302 863 386.)
325 788 439 852 unicus
461 790 494 852 in
515 789 629 884 ist».
652 787 766 886 last-0¹¹
790 812 819 856 e.
842 790 972 856 dererro
992 785 1182 873 Singaram
1203 788 1296 850 ritus
1404 801 1407 808 '

157 883 208 952 Ac
230 908 384 966 ponamus
408 889 554 970 quidem,
583 889 675 957 illrun
698 892 839 957 nominis
861 911 953 959 usum
977 891 1191 978 antiquiorem
1214 907 1297 963 ease,
1343 903 1350 918 ⁰

159 1009 254 1068 quam
282 990 317 1050 in
347 1009 454 1052 rerum
483 985 646 1073 geutar'um
677 993 835 1054 memoria
863 994 885 1056 i.
916 1014 945 1056 e.
976 991 1052 1054 inde
1081 987 1122 1053 ab
1153 985 1298 1058 Arabum

158 1090 289 1152 aetate'
280 1092 421 1152 inveniri
435 1099 546 1170 queat:
563 1098 672 1156 tamen
688 1114 728 1156 ne
739 1094 846 1171 specie
861 1091 987 1172 quidem
1000 1087 1298 1177 variailmilitudinir

80 1241 83 1244 .
157 1189 235 1254 inde
258 1187 417 1269 efficitur,
441 1199 477 1256 ut
497 1195 639 1276 regionis
662 1201 834 1256 montanae
858 1195 1065 1278 angustisque
1089 1187 1211 1254 finibus
1232 1188 1296 1254 oin·

157 1294 371 1370 cumscriptae
401 1313 517 1356 nomen
549 1313 613 1356 non
642 1292 746 1357 nolum
776 1294 816 1358 ad
849 1291 1024 1358 finitimam
1054 1290 1222 1386 planitiem
1247 1291 1298 1372 (ut

157 1406 235 1490 Syri
258 1430 382 1490 quoque
404 1409 514 1474 inunt
536 1427 646 1501 Qu?
672 1391 735 1480 llll
760 1397 797 1476 ll.
814 1410 913 1478 Hebr.
936 1435 965 1492 p.
992 1410 1075 1493 163.)
1083 1387 1098 1488 ,
1117 1408 1173 1474 red
1197 1409 1296 1506 etiarn

155 1509 245 1577 ultra
263 1513 447 1577 universam
473 1509 689 1594 Babyloniam
709 1535 810 1594 usque
832 1514 872 1576 ad
896 1516 1002 1578 sinum
1021 1511 1187 1577 Persicum
1209 1507 1295 1576 rela-

106 1599 111 1606 ’
156 1619 226 1698 tum
255 1611 353 1677 fuerit
381 1619 476 1692 atque
512 1620 705 1692 promotum.
758 1613 853 1688 Quod
888 1635 1027 1696 unquam
1064 1612 1184 1676 lactum
1223 1629 1296 1692 erse

157 1715 355 1797 argumentis
370 1712 500 1796 probari
517 1715 663 1823 ιιιιιιιιίι.ι
682 1713 757 1788 Qua
778 1715 817 1779 de
840 1735 955 1780 caussa
975 1712 1061 1776 hand
1080 1713 1194 1816 exigui
1214 1731 1295 1790 poa·

156 1828 244 1892 deria
266 1837 335 1912 ert,
360 1831 442 1909 qnod
465 1830 543 1912 Syri
568 1848 665 1922 Qu
687 1854 709 1894 ι
728 1853 759 1896 e.-
779 1831 936 1918 Σιγγάρας
955 1855 976 1896 a
998 1831 1125 1904 emt
1116 1849 1181 1892 nc.
1204 1829 1293 1924 nigrati

157 1929 331 2014 diligenter
348 1930 460 1996 uolent
482 1932 689 2016 distinguere.

110 2031 112 2036 ’
240 2030 313 2096 Hoc
332 2052 411 2095 vero
433 2040 603 2113 antequam
627 2053 849 2114 exponamur,
877 2033 984 2098 locum
1008 2031 1165 2114 quendam
1192 2031 1293 2092 inter-

156 2133 347 2212 pretationis
369 2130 553 2197 Bibliorum
566 2131 720 2214 Syriacae
743 2132 972 2199 subobscurum
996 2141 1029 2197 et
1051 2135 1142 2215 quasi
1165 2129 1292 2194 involu-

155 2241 224 2298 tum
246 2235 428 2315 aporiamur
451 2253 583 2296 neccaro
606 2241 673 2312 est,
697 2238 886 2314 praesertim
908 2256 1023 2316 quam,
1046 2232 1174 2314 qualem
1196 2229 1294 2295 bodie
1325 2243 1328 2262 ¹

154 2333 312 2419 legimns,
334 2334 411 2400 talia
433 2347 560 2402 omnem
582 2339 741 2402 rationem
766 2346 910 2401 nostram
931 2339 966 2400 in
990 2337 1163 2400 discrimen
1175 2353 1310 2432 uocare,

100 2495 107 2506 -
154 2455 333 2519 minitetur.
377 2452 461 2517 Nam
484 2460 576 2524 ι-Ὡω
599 2475 664 2518 non
688 2453 793 2519 solum
810 2454 891 2519 Gen.
910 2459 1030 2536 10,10.
1055 2459 1105 2532 11,
1122 2458 1153 2514 2.
1173 2457 1223 2530 11,
1242 2457 1292 2514 11.
1325 2451 1328 2460 “

155 2551 240 2650 Dan.
263 2563 299 2633 1,
322 2561 352 2618 2.
382 2575 440 2634 pro
470 2563 556 2650 'apert
588 2557 718 2618 nomine
747 2554 899 2619 Hebraeo
927 2557 1067 2636 positum
1097 2554 1292 2631 invenimus,

155 2672 212 2734 recl
242 2675 338 2735 etiam
368 2677 383 2732 1
410 2664 498 2734 Sam.
529 2677 588 2752 23,
618 2679 667 2736 28.
702 2673 812 2736 verbis
840 2676 977 2755 syriacis
1008 2651 1172 2762 llQSss
1199 2673 1293 2742 tm>

155 2773 255 2836 verbu
269 2779 381 2864 textus
395 2769 538 2837 Hebraei
554 2775 712 2870 aiebant!
734 2768 799 2865 aba
820 2795 975 2853 expressa
989 2773 1138 2857 legimns.
1183 2768 1292 2846 Quill

154 2889 272 2954 Nonne
294 2887 347 2952 hic
371 2897 464 2959 ιδ-ι-ιῠ
495 2913 612 2955 nomen
647 2887 879 2972 appellativum
909 2889 980 2954 esti
1015 2909 1122 2978 nonne
1156 2888 1292 2956 eandem

61 3011 63 3018 ¹
155 2994 221 3054 vim
245 2999 278 3054 et
300 2978 491 3070 potestatem
517 3014 611 3073 quam
634 2991 809 3054 hebraeum
832 2989 894 3082 :obp
924 2990 1043 3055 habeat
1064 3009 1197 3053 necesse
1220 2987 1291 3056 eset

156 3093 292 3156 eandem
316 3093 388 3156 dico
412 3091 694 3177 significationem,
718 3112 810 3170 quam
836 3095 909 3156 voci
932 3089 1083 3176 Σιγγάρας
1104 3111 1201 3172 supra
1218 3093 1290 3154 vin·

113 3248 115 3256 ,
156 3191 355 3257 dicavimusl
372 3193 718 3288 *Nonneigiturtanto
734 3196 983 3272 certiuS‚·tanto
1000 3190 1201 3274 aptiuahaec
1219 3214 1290 3256 cum
1377 3213 1404 3264 ¹,
1466 3209 1469 3226 ¹

155 3309 213 3374 illa
237 3311 430 3400 conserenda
452 3295 525 3375 esse
547 3311 691 3388 videtur,
722 3312 768 3375 ita
790 3319 826 3374 ut
848 3329 944 3403 §Qu
965 3307 1160 3392 peculiarem
1190 3332 1290 3392 quan·

80 3505 86 3510 ι
155 3403 228 3476 dam
252 3415 392 3475 nominis
415 3413 551 3477 formam
575 3432 707 3491 eamque
730 3413 861 3475 notione
877 3411 1011 3493 speciali
1025 3412 1204 3477 adhibitam
1219 3433 1290 3480 esre

155 3512 356 3576 statuamus?
388 3514 526 3577 Accedit
540 3515 716 3576 auctoritas
733 3511 907 3591 Ephraemi
923 3512 1000 3596 Syri
1016 3512 1112 3597 (Opp.
1128 3513 1153 3578 l
1169 3536 1198 3593 p
1215 3519 1288 3582 379.

87 3666 91 3673 -
154 3629 227 3713 R),
250 3632 304 3712 qui
328 3653 391 3694 non
415 3630 510 3694 modo
530 3628 703 3694 lectionem
726 3597 846 3689 iob-m
869 3633 929 3716 (sic
952 3613 1141 3696 vocabulum
1164 3631 1289 3713 scribit)

156 3752 221 3797 non
244 3736 388 3817 ignorat,
419 3730 477 3800 aad
506 3731 605 3796 etiam
628 3729 702 3796 buic
724 3733 883 3797 vocabulo
906 3732 1178 3818 significationem
1199 3734 1289 3796 vocis
1362 3791 1366 3802 ,

155 3815 243 3918 l2³l2
268 3851 303 3930 (i.
328 3873 358 3914 o.
380 3849 492 3934 petro)
515 3849 689 3916 secundum
711 3849 841 3934 treguae
853 3850 1022 3916 Hebraeae
1037 3871 1130 3918 uaunr
1145 3844 1299 3919 subiicit.-

243 4020 247 4028 ι

158 4039 364 4054 nunu—oa*-

155 4161 235 4217 etiam
257 4161 441 4218 convenientia
465 4170 525 4216 cum
547 4161 645 4222 Hileia
667 4163 818 4244 huiusque
831 4161 929 4236 positio
954 4163 1084 4218 hactenus
1109 4161 1199 4232 ignote
1220 4168 1286 4213 erat.

156 4245 335 4302 Cicutam
357 4243 417 4302 orb.
437 4253 490 4301 ont.
507 4246 537 4300 ll.
561 4263 588 4319 p.
604 4244 685 4315 732,
706 4247 875 4304 llarnanrl.
900 4265 923 4302 c
948 4249 977 4301 V.
1001 4265 1025 4320 p
1048 4246 1131 4311 311,
1150 4245 1289 4299 Foaaroan

157 4330 225 4387 lidb.
249 4331 276 4386 d.
300 4332 346 4387 alt.
370 4332 467 4403 Geogr.
487 4332 518 4386 ll.
539 4349 564 4404 p
589 4329 661 4388 636.
