2974 4906
607 487 716 496 „m-
766 450 786 512 q
842 487 944 495 m..

132 647 136 654 ¹
212 627 432 704 quaestionem
458 627 585 688 'iterum
618 629 650 688 in
687 623 818 690 dubium
851 631 998 688 vocatam
1031 623 1186 704 videmus.
1238 624 1350 702 Qnttre

211 732 341 806 propter
359 718 662 804 necessitudinem,
695 739 788 806 quam
820 724 989 790 Hebraeos
1019 727 1104 788 inter
1135 732 1169 788 et
1204 735 1350 790 veterem

211 824 301 889 illam
326 824 472 889 Orientis
495 825 657 889 dominam
681 827 868 891 interfuisse
900 829 1037 904 scimus,
1068 829 1348 908 operaepretium

211 948 263 990 me
287 948 359 990 esse
380 927 539 989 facturum
555 929 675 1006 putavi,
698 930 726 989 si
743 929 776 991 in
792 927 996 1010 retraetapda
1010 946 1124 990 euussa
1138 933 1349 990 controversa

212 1049 316 1092 meam
339 1025 592 1108 qualemcunque
615 1026 809 1091 collocarem
833 1033 944 1092 euram
965 1034 1060 1108 atque
1081 1030 1276 1107 comparatis
1289 1025 1348 1090 Bi·

210 1130 350 1194 bliorum
367 1149 410 1191 ss.
427 1130 609 1191 enunciatis
629 1150 698 1191 cum
717 1132 833 1192 ceteris
848 1137 914 1193 tum
933 1131 1134 1209 antiquorum
1149 1134 1217 1191 tum
1234 1149 1349 1191 reeen-

210 1234 326 1295 tiorum
346 1229 535 1308 scriptorum
550 1231 748 1292 testimoniis
765 1232 797 1292 in
814 1229 1020 1294 diiudicanda
1036 1231 1224 1309 quaestione
1237 1227 1348 1308 paullo
1425 1285 1433 1296 .

211 1331 399 1415 diligentins
432 1339 590 1392 versarer.
637 1328 741 1406 Quem
772 1331 813 1393 ad
845 1329 943 1394 finem
973 1332 1084 1410 utique
1116 1349 1248 1406 neeesse
1275 1349 1348 1392 esse

59 1467 64 1474 ·
178 1500 181 1506 ,
211 1433 422 1508 arbitramur3
458 1437 494 1493 nt
525 1433 558 1492 in
595 1434 886 1515 antiquissimarum
920 1451 1027 1494 rerum
1060 1429 1347 1514 geographioarum
1412 1506 1418 1524 ‚

212 1532 565 1614 explanatione'nuno
599 1531 832 1612 aliquantulum
873 1535 1080 1595 immoremur
1116 1531 1224 1612 ibique
1257 1530 1348 1594 locos

212 1634 366 1716 quosdam
389 1630 531 1695 occultos
556 1640 589 1696 et
611 1636 701 1713 quasi
723 1633 889 1697 involutos
912 1633 1035 1712 aperire
1057 1653 1221 1697 oonemur.
1267 1632 1348 1710 Qni-

210 1735 270 1800 bus
292 1738 326 1798 in
344 1732 441 1798 rebus
464 1753 575 1796 eorum
597 1755 661 1796 non
684 1734 855 1798 admodum
878 1754 1027 1797 curamus
1049 1732 1346 1814 reprehensionem,

92 1859 95 1868 ’
211 1839 265 1920 qui
295 1833 336 1898 ud
366 1833 611 1913 vituperandum
644 1832 853 1914 procliviores
887 1856 980 1915 quam
1017 1834 1055 1896 ad
1090 1836 1347 1918 cognoscendum

212 1937 305 2000 nobis
328 1937 467 1999 tortasse
490 1933 744 2018 exprobrabunt,
770 1957 828 1998 nos
852 1945 947 1999 extra
967 1932 1139 2015 cancellos,
1162 1957 1240 2016 quos
1257 1935 1346 2002 nobis

211 2041 273 2120 ipsi
295 2035 608 2112 circumdederimus‚
633 2057 780 2120 egressos
796 2037 917 2101 videri:
943 2060 1014 2102 nam
1039 2040 1261 2118 quaestionem
1285 2041 1345 2101 im·
1399 2117 1402 2132 Ι

212 2139 354 2221 peditam
378 2138 506 2201 nonnisi
527 2143 684 2217 perpetua
707 2141 849 2202 onmium
876 2159 981 2204 rerum
1006 2139 1230 2218 disquisitione
1253 2161 1346 2220 posse

212 2238 392 2320 explicari,
415 2239 486 2318 quis
508 2236 639 2301 tandem
663 2247 731 2319 est,
754 2241 830 2320 quin
852 2239 948 2304 facile
971 2238 1165 2321 perspiciat?

213 2483 218 2489 ¹
298 2412 334 2480 1.
363 2404 412 2471 Ao
435 2408 573 2487 primum
597 2407 737 2486 quidem,
759 2410 788 2470 si
810 2428 950 2487 eaquae
972 2429 991 2470 a
1015 2407 1224 2488 scriptoribus
1247 2412 1346 2474 saeris

212 2513 333 2592 scripta
348 2511 535 2589 accepimus
556 2507 730 2592 diligenter
752 2511 996 2588 examinamus,
1020 2531 1038 2572 e
1060 2508 1133 2572 loeo
1156 2508 1215 2572 ilio
1239 2509 1345 2573 Gene-

212 2633 284 2677 seos
315 2617 373 2691 10,
406 2615 553 2674 10-12,
591 2607 817 2689 antiquissimo
852 2629 930 2671 sane
963 2618 996 2673 et
1025 2609 1122 2694 longe
1154 2612 1346 2694 gravissimo

215 2799 437 2811 —0n--unnn—
447 2798 454 2805 ¹

213 2922 278 2978 mihi
301 2920 410 2993 quidem
432 2917 553 2975 nondum
574 2918 667 2990 liquet,
691 2919 745 2990 qui.
757 2920 972 2991 antiquissimam
985 2920 1082 2975 Ninum
1098 2920 1169 2976 iuxta
1182 2921 1346 2994 Euphratem

213 3007 315 3074 tuisse,
346 3004 433 3060 Ctesid
464 3002 635 3076 potissimum
665 3011 776 3058 auctore
805 3004 974 3060 contendam.
1017 3004 1123 3061 Vidisse
1151 3006 1261 3078 quidem
1283 3024 1346 3066 sese

212 3099 305 3148 narret
325 3090 490 3146 Nrnnuumus
513 3079 598 3162 (Nom.
618 3087 655 3155 11,
677 3103 737 3160 pag.
757 3080 834 3163 353)
863 3088 934 3144 iuxta
955 3088 1046 3160 Tigrin
1066 3091 1265 3148 vetustissimae
1283 3091 1345 3148 Nini

213 3177 329 3243 mdera,
357 3173 405 3230 ubi
425 3188 497 3228 nuuc
518 3171 593 3227 vicus
614 3171 709 3228 Nonio
734 3169 851 3246 [corrige
872 3169 980 3246 Nema]
1004 3183 1150 3246 equiparat·
1193 3176 1260 3231 Cum
1282 3193 1344 3232 vero

212 3260 295 3320 nullis
317 3255 482 3332 argumentis
503 3256 741 3324 demonstraverit,
772 3258 821 3314 has
848 3259 937 3332 ipsas,
966 3275 1033 3330 quas
1053 3258 1150 3316 viderit
1170 3260 1281 3329 ruinas,
1310 3260 1344 3316 ad

141 3377 145 3385 =
213 3343 428 3417 antiquissimam
455 3341 620 3416 pertinuisse
649 3341 761 3410 Ninum,
790 3343 853 3399 mihi
886 3351 959 3400 uerte
981 3343 1100 3400 nondum
1127 3341 1173 3401 ille
1198 3345 1344 3417 persuasit.

212 3433 246 3488 Et
263 3428 449 3500 obloquuntur
468 3426 569 3482 diserta
588 3436 707 3483 veterum
725 3427 896 3484 testimonia:
918 3427 1014 3484 Strabo
1033 3429 1096 3484 xvt.
1116 3428 1173 3485 init
1192 3447 1254 3503 pag.
1270 3429 1343 3488 737.

212 3519 243 3572 Α.
265 3531 293 3588 p.
318 3512 409 3570 1070.
433 3509 519 3585 [Nom.
541 3513 583 3568 tt.
602 3529 633 3585 p.
655 3511 736 3569 245:
750 3512 791 3569 ed.
816 3507 969 3584 Srmsru.],
992 3516 1031 3570 ‘ae
1057 3513 1185 3572 disertius
1208 3515 1344 3572 Lucienus

213 3599 291 3656 Char.
314 3599 388 3656 Tom.
408 3598 452 3666 111,
475 3612 537 3671 pag.
560 3595 599 3653 63
622 3595 681 3670 uip.
709 3596 743 3652 ad
773 3613 853 3669 quam
874 3596 964 3654 locum
986 3598 1094 3670 tegatur
1114 3599 1246 3654 Pnnnrnn
1270 3607 1343 3656 nota.

213 3679 352 3760 (Exercitt
376 3683 404 3738 in
422 3684 547 3738 Auctorr.
570 3681 678 3736 Graeco.
701 3697 762 3754 pag.
784 3679 872 3755 552.)
914 3683 980 3740 Nam
1011 3684 1152 3751 exstitere,
1181 3685 1229 3756 qui
1251 3683 1343 3740 multis
1450 3642 1474 3700 ⁴¹

212 3776 276 3842 post
296 3767 413 3824 saeculis
436 3765 520 3822 exorti
541 3765 602 3820 Nini
625 3771 713 3819 tamen
734 3765 809 3822 urbis
830 3766 994 3823 mentionem
1006 3767 1135 3824 iacerent.
1172 3767 1343 3824 0011101115-

98 3877 102 3884 ·
213 3869 315 3910 suntne.
338 3851 373 3908 ad
395 3849 505 3908 biodor.
527 3850 568 3918 11,
591 3848 642 3906 28.
686 3849 760 3916 Quos
788 3857 876 3906 tanum
903 3851 941 3926 ita
962 3851 1143 3926 expediendos
1165 3869 1227 3910 esse
1248 3853 1347 3910 edocet

213 3939 352 4006 Sonmus,
374 3943 405 3991 ut
426 3935 524 3992 Ninum
545 3931 689 4008 postmodo
711 3941 888 3990 restauratam
910 3953 981 4005 esre,
1002 3937 1239 4009 Romanorumque
1261 3937 1343 4010 impe·

213 4029 333 4078 natorum
364 4020 397 4076 ad
424 4028 529 4092 tempus
557 4032 645 4090 usque
669 4015 796 4076 floruisse
817 4019 945 4078 dieamus.
989 4020 1028 4076 Ad
1051 4038 1109 4078 earu
1132 4021 1215 4094 igitur
1235 4021 1342 4090 Ninum,

214 4123 284 4179 quse
306 4104 397 4162 multis
419 4103 593 4178 postauam,
624 4101 710 4174 priori
731 4103 799 4158 Niuo
823 4120 931 4172 eversa,
962 4104 1015 4162 aiio
1037 4105 1065 4162 iu
1088 4107 1166 4174 ioco,
1194 4106 1228 4162 ad
1250 4106 1343 4200 Tiprin

214 4189 312 4258 credo,
341 4197 474 4246 exstructa
497 4204 558 4245 esse
579 4186 700 4254 videtur,
729 4203 760 4242 ea
783 4204 852 4259 quae
873 4179 1038 4248 Niuaunmus
1058 4190 1123 4247 vidit
1147 4190 1246 4246 rudera
1268 4190 1343 4246 cirea

212 4275 300 4330 vicum
312 4272 399 4328 Nunio
414 4267 520 4346 [Nuria]
536 4270 677 4327 reserenda
692 4288 767 4341 esse,
789 4289 886 4345 magna
902 4275 968 4334 mihi
986 4283 1028 4332 est
1043 4274 1209 4360 suspicioss
1238 4273 1342 4332 Similis

212 4353 349 4416 annotavit
368 4358 501 4414 Binumus
524 4355 558 4412 ad
580 4355 745 4412 Herodotum
767 4356 885 4426 1,193.
