2974 4906
580 445 952 538 7--42--2

199 637 320 698 iectura
343 655 415 697 cum
438 634 547 698 indole
569 639 690 718 pugnat
712 631 956 713 Xenophontis,
988 651 1080 716 quem
1110 628 1169 692 illo
1191 637 1343 712 tempore

199 737 234 798 in
257 732 398 798 hostium
422 757 524 815 paene
546 742 718 815 conspectu
741 734 819 796 duas
834 733 991 797 eiusmodi
1004 731 1101 795 urbes
1116 723 1239 794 dirutas
1261 734 1345 795 visi·

199 844 285 899 tasse
308 841 342 898 et
364 834 469 898 Anah.
492 842 523 914 3,
545 844 576 914 4,
599 840 728 900 7-12,
753 834 961 916 descripsisse
984 835 1119 911 scimus,
1144 834 1345 910 etiamnunc,

198 945 368 1017 postquam
390 935 543 1000 Moisula.
561 936 638 1000 urbs
667 944 737 999 tota
756 936 834 998 ‘fere
863 959 880 999 e
902 934 979 1000 Nini
1002 933 1149 1013 reliquiis
1171 941 1346 1007 exstructa

133 1101 136 1106 .
201 1045 268 1117 est,
292 1045 357 1100 tam
384 1046 493 1100 vastae
518 1045 689 1115 supersunt
709 1038 839 1115 ruinae,
870 1045 907 1099 ut
929 1025 988 1103 rix
1011 1031 1166 1098 credibile
1193 1035 1255 1112 sit,
1287 1055 1346 1097 eas

199 1141 347 1227 potuisse
365 1140 545 1217 quempiam
562 1136 790 1217 Xenophontis
807 1145 913 1202 aetate
929 1159 991 1199 non
1009 1137 1195 1208 obseruatus
1210 1153 1345 1213 prorsus

200 1242 467 1321 praetermittere.
512 1236 561 1301 Ac
583 1259 668 1300 vera.
685 1236 745 1300 huc
769 1239 859 1300 inre
883 1246 931 1313 et,
961 1240 988 1300 si
1014 1238 1088 1317 quid
1112 1236 1227 1311 video,
1251 1238 1345 1300 insu·

198 1338 351 1420 perabilis
374 1340 476 1401 oritur
498 1336 669 1402 difficultas
693 1359 749 1418 eo,
773 1339 856 1419 qnod
879 1337 991 1404 hurum
1013 1338 1139 1402 urbium
1163 1337 1344 1401 dirutarum

199 1439 323 1518 altera,
351 1438 519 1522 Λάρισσαν
548 1439 637 1518 dico,
667 1437 827 1519 hodieque
857 1439 933 1503 tulis
957 1442 1139 1517 invenitur,
1171 1438 1299 1518 qualem
1325 1460 1346 1501 a

199 1539 417 1620 Xenophonte
441 1543 483 1619 (ἱ.
506 1540 551 1621 7.)
575 1540 766 1620 descriptam
791 1539 962 1619 hahemus,
992 1538 1126 1602 alteram
1148 1559 1227 1602 vero
1253 1559 1345 1602 eum·

200 1663 261 1722 que
284 1641 386 1704 multo
410 1645 581 1720 maiorem,
606 1641 772 1704 Mtamnav
795 1640 918 1704 scilicet
941 1643 983 1721 (ς.
1011 1641 1087 1720 10.),
1113 1661 1207 1719 quum
1233 1639 1346 1704 nullae

199 1744 330 1805 omnino
339 1740 459 1805 Ninum
478 1746 563 1806 inter
576 1740 753 1805 etNimrud
769 1744 875 1804 vicum
891 1739 979 1803 urbis
995 1743 1201 1804 inveniantur
1215 1744 1344 1822 ruinae,

198 1864 328 1925 prorsus
358 1844 398 1906 ud
427 1843 576 1930 ultimum
607 1863 706 1921 usque
729 1841 869 1921 lapidem
893 1844 1062 1905 evanuisse
1083 1848 1262 1904 statuamus
1285 1865 1344 1906 ne·

200 1966 289 2008 cesse
313 1953 379 2022 est,
402 1944 476 2008 dum
499 1942 662 2007 Molsulae
677 1943 749 2006 urbi
768 1963 812 2006 ex
827 1942 962 2004 adverso
979 1945 1012 2005 in
1029 1939 1346 2028 orientoli'l'igridis

170 2099 174 2106 .
199 2048 271 2125 ripa
286 2044 365 2108 Nini
383 2047 586 2124 reperiuntur
600 2042 756 2122 reliquiae
776 2041 842 2106 late
864 2050 1028 2121 patentes,
1052 2063 1130 2123 quus
1151 2049 1344 2122 praetermi-

200 2149 282 2210 sisse
312 2146 549 2209 existimandus
579 2152 628 2208 est
656 2143 858 2223 Xenophon,
889 2147 917 2208 si
940 2143 1125 2207 Rauranum
1147 2148 1345 2210 sententiam

200 2245 436 2326 amplectimur.
481 2245 578 2309 Certe
593 2243 682 2308 urbis
700 2244 824 2307 dirutae
840 2246 924 2307 lacta
941 2253 991 2308 est
1002 2247 1139 2324 mentio,
1162 2246 1218 2309 uhi
1236 2251 1344 2311 omni-

131 2368 133 2372 ’
199 2348 260 2412 bus
283 2368 427 2410 caremus
449 2349 596 2430 vestigiis
619 2355 650 2409 et
681 2354 792 2409 contra
819 2345 908 2410 urhis
937 2344 1090 2409 hahemus
1119 2347 1254 2426 rudera,
1285 2349 1345 2412 ubi

200 2470 345 2513 caremus
368 2441 681 2510 commemoratione.
727 2446 761 2509 ld
793 2467 871 2509 vero
904 2468 965 2526 quo
987 2445 1163 2510 maioribus
1186 2451 1345 2527 premitur

200 2548 461 2626 difficultatibus,
493 2569 532 2610 eo
562 2548 690 2611 facilius
720 2548 864 2611 ducimur
893 2550 926 2610 in
957 2570 1028 2612 eam
1058 2551 1270 2628 sententiam,
1306 2558 1345 2614 ut

200 2649 433 2731 Xenophontis
452 2647 626 2727 Mespilam
646 2670 665 2710 a
687 2647 773 2712 Nino
795 2670 859 2710 non
884 2669 954 2712 esse
976 2650 1135 2712 diversam
1169 2653 1342 2714 existime-

199 2773 282 2815 mus.
333 2750 467 2813 Accedit
495 2752 612 2824 etiam,
644 2757 680 2812 ut
710 2769 772 2811 sex
800 2731 1047 2834 parasangarum
1078 2753 1230 2815 circuitus
1260 2756 1342 2816 setis

199 2854 282 2918 hene
305 2854 477 2915 conveniat
498 2873 571 2934 cum
593 2848 671 2913 Nini
694 2853 812 2923 ruinis;
847 2851 984 2930 denique
1007 2851 1150 2928 accedit,
1173 2859 1209 2916 ut
1231 2854 1344 2934 κρηπὶς

135 3009 138 3014 .
161 2966 167 2976 ’
200 2955 320 3018 λίθου
343 2955 481 3027 ξεστοῦ
504 2950 791 3033 κογχυλιάτου,
814 2973 894 3032 quoe
908 2950 1119 3037 Xenophonti
1133 2973 1210 3033 pree
1223 2957 1342 3018 ceteris

199 3062 380 3131 memoratu
401 3052 498 3136 digna
511 3055 582 3115 visa
598 3060 658 3131 est,
682 3075 699 3115 e
715 3052 792 3117 Nini
809 3055 911 3142 rupinis
926 3051 1030 3116 lucem
1045 3056 1193 3133 accipiat.
1238 3052 1342 3119 Ams-

200 3176 381 3221 wonrurus
406 3156 492 3215 enim
515 3174 580 3215 nou
608 3152 711 3216 solum
735 3153 905 3218 Research.
929 3176 960 3234 p.
985 3155 1056 3218 25⁷.
1086 3155 1341 3238 asperemound,

200 3262 321 3339 inquit,
356 3274 443 3339 upon
477 3253 532 3316 tle
559 3274 695 3338 gypsum
727 3261 806 3319 iou
838 3255 910 3320 thio
937 3254 1127 3333 formation
1161 3255 1204 3334 os
1227 3275 1343 3320 creare

191 3359 327 3442 friodle
348 3359 533 3431 comesione,
562 3354 805 3442 adcunding
826 3364 869 3451 o'xn
895 3355 1037 3444 chella.
1052 3401 1061 3418 .
1079 3353 1102 3420 .’
1136 3355 1213 3420 Thio
1233 3357 1344 3434 iside

200 3460 281 3528 must
309 3458 412 3540 odellp
442 3457 611 3520 lo'me'otone
641 3457 666 3520 I
691 3457 775 3522 hace
804 3467 867 3522 met
889 3456 968 3521 with
990 3463 1025 3520 io
1048 3456 1104 3521 tte
1124 3457 1228 3536 Euat,
1260 3464 1289 3521 ἐι
1312 3462 1343 3522 s's

202 3563 257 3627 tle
280 3578 418 3624 comaron
441 3556 717 3643 duildtag-otooe
740 3560 783 3639 of
799 3559 915 3624 Mdoul
933 3559 988 3642 (ef.
1014 3557 1111 3624 Rieu.
1136 3557 1254 3641 Babyl.
1277 3559 1342 3623 and

180 3665 331 3742 .Persep.
347 3683 377 3741 p.
395 3658 492 3740 sto),
515 3659 573 3722 sed
595 3663 693 3724 etiam
715 3658 854 3724 'l'ruvels
875 3660 916 3730 11.
941 3683 971 3742 p.
997 3666 1066 3752 142,
1090 3682 1135 3724 ex
1150 3658 1229 3724 Nini
1243 3681 1341 3744 aggo-

199 3764 296 3836 ribus¹
312 3781 466 3844 persaepe
488 3781 658 3845 magnos
681 3760 846 3843 lapides
869 3783 1029 3838 caesos,
1059 3764 1202 3846 quisine
1225 3761 1269 3841 ο]
1285 3760 1343 3825 tle

200 3869 385 3932 limcstoaeo
408 3861 451 3940 of
469 3860 524 3926 tie
546 3862 829 3947 neighbourhood,
861 3863 942 3928 aad
962 3862 1125 3928 abeund
1146 3863 1366 3943 o‘nfooss'l·

202 3968 351 4046 rhollo,
381 3964 479 4028 effodi
507 3961 712 4029 testificatur.
763 3964 826 4028 His
855 3965 944 4044 fere,
973 3971 1011 4028 ut
1037 3972 1132 4045 puto,
1160 3963 1343 4027 rationibus

134 4057 141 4066 ¹
200 4068 413 4132 Rusuccurus
451 4089 576 4154 quoque
611 4074 790 4131 commotus
825 4073 893 4145 est,
933 4075 970 4130 ut
1008 4068 1208 4142 sententiae,
1246 4085 1342 4145 quem

202 4170 298 4234 modo
319 4168 539 4250 proposuerat,
561 4176 740 4249 opponeret
754 4171 983 4248 coniecturam,
1006 4166 1235 4248 Xenophontis
1252 4165 1342 4230 Mes-

202 4269 300 4352 pilum
331 4274 365 4334 in
392 4270 471 4336 Nini
499 4273 602 4334 ruinis
630 4269 920 4353 recognoscendum
949 4291 1036 4344 esso,
1067 4271 1130 4332 nisi
1162 4269 1222 4331 hae
1244 4256 1344 4331 nimis
1466 4251 1467 4330 l

201 4374 298 4458 longe
321 4372 472 4437 abessent
494 4395 513 4435 a
536 4371 657 4436 Sihato
681 4369 824 4450 flumine,
849 4390 942 4449 quam
966 4380 1002 4435 nt
1018 4370 1135 4434 Graeci
1160 4373 1223 4437 iam
1244 4371 1345 4433 tertio
