2974 4906
219 699 253 758 in
277 693 406 757 boreum
430 707 541 758 versus
565 695 667 759 multo
691 698 859 764 editiorem
882 699 1070 781 lierisupre
1089 723 1121 780 p.
1137 705 1190 784 16.
1206 702 1362 765 vidimus.

217 791 428 880 igituripsius
443 795 505 857 soli
522 795 634 859 neturd
648 801 864 879 coniecturum,
882 821 926 864 ex
943 799 1057 882 quibus
1071 799 1362 881 propbsteeonuu-

152 899 155 905 '
218 899 296 959 cieti
318 897 435 975 pendet
457 899 681 976 interpretatio
704 900 782 978 ille,
811 888 1013 982 dilabuntur,
1044 905 1162 965 utrix
1184 905 1245 981 sit,
1275 905 1362 982 quod

217 997 353 1076 addam,
384 994 474 1058 nulls
502 1015 585 1059 nunc
613 997 791 1080 renalium,
822 1005 895 1082 qui,
927 1005 955 1064 si
976 1023 1117 1082 unquem
1141 1005 1362 1083 exstitissent,

216 1098 414 1178 profundissi
437 1117 514 1160 sene
536 1112 572 1158 ec
593 1105 707 1176 purtim
725 1121 782 1180 per
798 1103 919 1166 medios
936 1103 1082 1184 scopulos
1098 1105 1255 1167 dissectos
1272 1105 1361 1166 ducti

216 1199 317 1261 fuisse
334 1198 539 1284 debuissent,
563 1213 732 1278 superesse
747 1207 894 1287 vestigio.
940 1203 1089 1284 Denique
1110 1208 1158 1286 (3)
1175 1205 1361 1288 refragatur

217 1304 314 1363 etium
338 1299 506 1370 verborum
539 1317 576 1360 ec
606 1306 837 1366 sententiarum
854 1291 1098 1384 'consequentiu
1121 1304 1226 1368 'Nem
1249 1314 1361 1385 operte

216 1401 341 1479 verbis,
365 1401 540 1490 dequibus
565 1420 648 1493 nrrnc
671 1411 721 1464 est
744 1409 908 1485 quaestio,
937 1405 1096 1486 propbeta
1125 1409 1259 1469 minime
1280 1405 1361 1469 Nini

187 1504 304 1564 ‘cives
334 1503 515 1566 describere
544 1502 614 1566 vult
637 1503 747 1566 urbem
771 1505 811 1566 ab
835 1505 974 1570 bostium
997 1510 1119 1585 impetu
1137 1490 1359 1584 defensantes,

215 1603 272 1665 sed
294 1605 431 1690 impetus
455 1604 583 1674 hostilis
606 1605 739 1666 felicem
757 1625 949 1670 successum.
992 1608 1100 1689 Aegre
1122 1615 1247 1672 tentum
1261 1603 1359 1670 Nini·

214 1707 303 1767 vitee
333 1727 362 1766 v.
388 1711 417 1768 c.
448 1707 669 1768 detendendae
696 1691 787 1769 urbis
813 1708 990 1787 perieulum
1017 1693 1157 1787 fuciunt,
1196 1708 1272 1770 dum
1302 1727 1360 1785 pur

214 1813 358 1885 portes
388 1805 604 1869 fluminum
629 1800 664 1868 r.
688 1811 718 1869 7.
749 1811 782 1869 vi
815 1818 1016 1890 expugnatas
1046 1808 1156 1871 hostes
1184 1805 1219 1868 in
1245 1807 1358 1876 'urcem

213 1909 339 1970 irruunt
360 1927 534 1986 omnesque
556 1928 586 1969 v.
602 1913 633 1969 9.
657 1909 690 1968 in
714 1908 822 1990 fugem
843 1909 1029 1972 festinatum
1049 1905 1236 1972 coniiciunt.
1277 1907 1362 1972 sine

214 2007 329 2084 dubio,
354 2009 387 2068 ni
412 2012 519 2069 omnia
543 2027 601 2069 nos
623 2006 752 2086 fallunt,
774 2017 895 2071 certum
919 2010 1219 2088 quendem-locum,
1242 2012 1358 2072 etiem

149 2116 167 2128 “
214 2123 298 2170 nunc
327 2109 463 2170 fortasse
491 2109 802 2190 recognoscendum,
839 2113 873 2172 in
909 2113 1017 2172 enimu
1047 2109 1161 2173 bsbuit
1189 2107 1366 2188 prophete·

215 2209 317 2284 Quem
335 2218 371 2270 ut
387 2207 585 2290 indagemus,
608 2211 817 2288 respiciemur
841 2226 972 2282 necesse
994 2219 1062 2290 est,
1087 2211 1275 2290 propbetsm
1293 2228 1359 2273 non

89 2387 93 2394 ,
215 2325 309 2400 *itura
330 2321 431 2400 tpepp,
460 2309 517 2371 sed
548 2309 666 2388 plurali
699 2329 832 2372 numero
854 2320 984 2400 minure
1005 2317 1090 2406 ’Ἓξ
1116 2309 1264 2390 dixisse,
1290 2311 1372 2393 igimv

214 2393 396 2491 turpentes
420 2408 621 2492 significasse
643 2431 707 2470 non
727 2413 784 2472 uni
807 2418 933 2474 tentum
946 2393 1071 2474 flumini
1086 2415 1222 2474 vicinus.
1265 2409 1359 2472 Heus

214 2533 291 2574 vero
313 2510 449 2590 pluralis
473 2513 598 2571 numeri
622 2513 712 2571 notio
734 2531 771 2572 re
793 2514 862 2590 ipse
885 2509 1067 2576 loculenter
1088 2511 1222 2590 probate
1245 2518 1309 2587 est,
1328 2513 1360 2572 si

214 2614 380 2676 nobiscum
403 2615 608 2690 reputemus,
640 2633 703 2674 non
726 2612 829 2675 solum
855 2611 1022 2695 Tigridem
1044 2611 1132 2674 urbis
1155 2609 1359 2700 occidentale

214 2716 300 2778 latus
323 2712 474 2788 elluisse,
507 2712 563 2772 sed
587 2714 684 2774 etiem
708 2711 838 2776 Khoser
858 2732 985 2777 emnem
1004 2713 1359 2774 mediem'iuteriurem

214 2815 325 2878 urbem
350 2817 396 2875 ita
418 2809 656 2889 interfluxisse:
676 2821 712 2876 ut
734 2815 773 2875 ud
797 2817 878 2876 imus
900 2818 983 2877 ercis
999 2817 1112 2896 'regiae
1136 2813 1283 2902 (ΒΨ-ῃ)
1304 2831 1358 2872 m·

100 2917 103 2925 ‘
215 2917 310 2986 dices*
326 2914 464 2975 ferretur
486 2933 523 2973 ac
546 2933 603 2990 per
625 2915 727 2990 ipsum
746 2913 977 2977 occidentalem
1000 2931 1125 2977 murum
1138 2914 1174 2974 iu
1190 2909 1359 2994 'lignum

214 3019 435 3095 prorumperet
453 3013 530 3093 (vid.
547 3018 649 3090 palti.
666 3020 745 3094 re).
782 3011 941 3077 Minorem
958 3022 1065 3078 eutem
1079 3012 1213 3075 fluvium
1228 3021 1363 3102 ΜΨ

214 3137 327 3179 vocem
352 3112 448 3176 simul
469 3113 657 3192 complecti,
687 3114 720 3178 id
749 3113 838 3176 nulle
861 3112 993 3176 luberet
1021 3110 1227 3198 difficultut'e,
1259 3129 1361 3188 quun

215 3233 283 3306 «ιι-ιι
312 3213 509 3278 nou'sulum
542 3215 581 3278 de
611 3218 735 3298 mugnis
763 3210 949 3276 fluminibus
975 3221 1155 3292 usurpetur.
1198 3208 1299 3288 Apud
1315 3207 1358 3269 Β.

215 3335 315 3397 Hebr.
337 3357 368 3413 p.
397 3339 464 3394 115.
489 3330 585 3394 etiem
610 3335 715 3411 ipsum
736 3329 866 3393 Khuser
888 3312 1014 3392 emnem
1037 3311 1119 3394 116ῑὸ
1141 3333 1361 3404 nuncupdlum

216 3439 399 3499 invenimus
423 3434 476 3514 (ci.
500 3453 638 3513 supr.·p.
662 3433 728 3515 28.)
747 3440 785 3494 ‘et
805 3431 889 3510 apud
912 3430 1114 3494 Kesuiuium
1136 3428 1215 3516 (vid.
1240 3451 1270 3512 p.
1293 3425 1367 3502 24.)-

215 3541 301 3599 inter
322 3537 517 3628 &miljtpii
549 3527 613 3596 i¹.e
646 3533 871 3613 Niniflupior
893 3535 1186 3593 commemoratum.
1229 3524 1361 3588 Deinde

216 3646 398 3716 comparate
421 3633 592 3714 prophetae
615 3639 652 3711 3,
678 3639 708 3696 8.
731 3633 999 3715 interrogatione:
1029 3637 1127 3694 tune
1149 3625 1361 3690 meliores

168 3718 171 3726 V
218 3735 375 3801 Thebis
398 3719 488 3827 (ι”ιιιιιτ
509 3733 585 3817 tir),
616 3729 755 3796 sNilu
782 3733 961 3812 undique
983 3733 1142 3824 cinctis
1161 3728 1233 3810 22)1
1262 3725 1362 3790 facile

302 3972 357 4052 22)
379 3978 448 4034 Hinc
469 3993 567 4032 nomen
587 3972 746 4042 Thebae,
777 3977 795 4028 i.
819 3990 845 4045 q.
867 3971 939 4028 *rus
966 3975 1101 4030 nauicula
1122 3983 1152 4030 ut
1173 3981 1257 4048 puto‘,
1284 3969 1361 4051 intel·

218 4064 319 4136 ligitur.
344 4095 382 4104 —
414 4062 535 4132 Denique
560 4078 593 4116 ne
617 4058 681 4130 quid
704 4058 920 4130 praetermisisse
944 4059 1027 4126 dicor,
1050 4056 1178 4114 hocloco
1197 4057 1225 4111 in
1241 4054 1359 4125 margine

218 4165 333 4214 moneo,
363 4147 391 4202 in
414 4145 600 4200 describendis
622 4143 684 4206 Nini
708 4143 793 4198 ruinis
816 4145 970 4214 nuperrime
991 4144 1073 4198 enam
1091 4151 1227 4198 versatum
1248 4153 1311 4195 esse
1333 4137 1362 4190 G.

218 4237 375 4294 Rrrrenuu,
403 4228 547 4286 Erdkunde
578 4231 653 4284 Tem.
682 4225 724 4297 ill.
756 4244 818 4299 pag.
843 4227 903 4282 221
929 4243 1006 4300 ειμι,
1037 4228 1183 4299 qui³quee
1212 4225 1295 4279 docte
1327 4231 1365 4274 un

219 4317 354 4374 subtiliter
376 4313 528 4386 disputarit,
551 4321 615 4369 tunc
637 4312 744 4368 domum
767 4311 1055 4406 eniuredpertifqutm
1078 4312 1167 4368 omniu
1184 4325 1246 4366 mee
1260 4305 1366 4362 edne

1390 1391 1396 1400 ι

1402 3087 1405 3094 ι

1449 3273 1453 3280 ι

609 460 717 468 ...-
769 423 816 489 66
872 461 982 471 Μ,

220 595 297 675 (vid.
322 589 418 656 R1cu.
445 591 570 658 Nerrut.
595 594 636 658 ll.
661 617 691 676 p.
715 599 796 678 35.)‚
822 618 915 679 quem
939 604 1069 680 insuper
1090 603 1125 662 in
1146 604 1308 668 orientem
1328 599 1394 666 et'

1466 2415 1467 2470 ι

1466 2717 1467 2792 l

1466 3305 1467 3362 l

1466 3783 1467 3844 l
