2974 4906
600 419 804 496 .....'44
864 468 960 480 ..-

216 629 278 671 sex
309 614 473 687 septemve
501 606 651 671 horarum
685 606 752 687 (vel
785 612 921 673 17-18
944 607 1024 672 mill.
1045 605 1167 693 geogr.)
1198 593 1320 692 spatio'
1336 631 1358 672 a

190 691 366 773 .Μο1ιιι1ιιΧ
389 711 423 772 in
454 709 621 773 meridiem
646 730 756 773 versus
779 708 962 774 distantem.
1006 705 1138 784 Quodsi
1153 730 1230 772 vero
1252 731 1356 790 quae-

211 813 313 873 rimus
336 808 489 888 deloco,
518 808 575 872 uhi
596 808 711 874 Graeci
734 813 870 890 primum
893 810 933 900 ad
955 808 1124 895 Tigridem
1145 813 1360 890 pervenerint

213 913 367 994 signaque
385 912 609 990 'sustinuerint‚
632 915 763 974 omnino
785 932 849 974 non
872 910 1066 989 dubitamus,
1090 913 1166 990 quin
1181 909 1215 972 id
1228 911 1354 974 tactum

213 1013 256 1074 sit
277 1032 316 1072 eo
338 1009 430 1091 loco,
457 1010 513 1074 uhi
535 1009 646 1095 Tigris
674 1010 771 1095 longo
794 1017 898 1075 tractu
922 1012 955 1074 io
978 1012 1135 1074 orientem
1157 1031 1271 1074 versus
1293 1010 1377 1101 dog

213 1132 343 1174 currens
366 1113 450 1191 apud
472 1110 696 1175 Selamiam
713 1113 745 1198 ⁵)
759 1115 892 1200 ¹vicum,
915 1115 1010 1175 nnius
1033 1111 1101 1174 fere
1123 1109 1223 1174 horae
1244 1113 1354 1192 spatio
1466 1151 1467 1154 =

212 1233 232 1274 a
255 1210 392 1276 Nimrud
420 1215 492 1275 vico
519 1220 698 1293 remotum,
728 1214 769 1276 ad
801 1233 948 1277 occasum
976 1219 1064 1276 retro
1086 1211 1189 1275 flectit
1210 1233 1353 1276 cursum.

212 1311 464 1377 commendatur
486 1312 566 1377 haec
590 1317 772 1377 coniectura
790 1336 846 1393 eo,
871 1313 953 1394 quod
967 1315 1073 1397 regio,
1097 1333 1178 1392 quae
1192 1334 1213 1375 a
1228 1311 1353 1378 sabato

212 1412 374 1494 hucusque
397 1424 508 1495 aperta
530 1423 580 1478 est
602 1422 634 1478 et
656 1413 763 1496 plana,
784 1414 915 1478 collium
938 1436 958 1477 a
981 1413 1124 1477 Seiamia
1145 1415 1179 1476 in
1202 1412 1352 1477 Eurono-

211 1521 279 1577 tum
302 1519 501 1599 vergentium
524 1518 608 1579 serie
630 1517 709 1600 (vid.
723 1515 820 1580 Rrorr.
834 1512 856 1577 l.
873 1536 900 1578 c.
918 1537 948 1595 p.
963 1516 1050 1596 350.)
1073 1513 1125 1577 hio
1146 1517 1359 1602 aptissimum

210 1614 343 1697 praebet
365 1617 518 1697 praesidii
539 1615 665 1696 locum,
695 1638 792 1696 quaro
821 1619 942 1680 seriore
965 1619 1062 1680 etiam
1084 1624 1227 1695 tempore
1250 1637 1353 1697 prope
1423 1655 1427 1662 ·

212 1713 286 1800 bit
309 1714 403 1806 iim-²2
429 1714 595 1807 ilwtm
621 1717 712 1807 itu-,0
741 1715 884 1802 ‘mum
907 1738 930 1798 i.
954 1756 982 1797 e.
1003 1731 1178 1797 Salonium
1193 1739 1299 1797 cvrum
1315 1739 1351 1797 ιἰι

211 1831 334 1898 Sutura·
360 1841 485 1899 vicinio
514 1844 620 1899 castra
646 1835 771 1899 locasse
800 1838 987 1898 invenimus
1015 1837 1179 1898 exercitus
1201 1835 1285 1914 apud
1309 1832 1349 1898 B.

208 1934 310 2021 Hehr.
334 1959 363 2016 p.
384 1942 470 2017 468„
493 1935 568 2000 hist.
582 1937 664 2018 'dym
687 1956 717 2014 p.
739 1943 814 2000 441.
858 1923 986 1999 Deinde
1009 1935 1124 1998 Graeci
1147 1956 1263 2018 magno
1286 1957 1349 2000 sex

208 2041 459 2121 parasanga'rum
481 2040 598 2101 itinere
620 2040 765 2100 confecto
782 2040 887 2101 tertiis
902 2039 1016 2100 castris
1031 2034 1107 2120 πρὸς
1121 2043 1220 2116 τεῖχος
1233 2034 1350 2120 ἔρημον

208 2138 289 2223 μέγα
315 2137 393 2221 πρὸς
420 2145 461 2223 τῇ
488 2137 574 2202 πόλει
602 2141 753 2215 κε1μινον·
783 2135 881 2219 ὄνομα
911 2139 945 2202 δὲ
967 2129 1007 2221 ἦν
1028 2141 1069 2220 τῇ
1090 2134 1176 2200 πόλει
1199 2135 1350 2201 Μέσπιλα

208 2243 254 2322 (3,
275 2248 307 2317 4,
332 2242 400 2322 10.)
415 2247 649 2320 pervenerunt.
694 2237 762 2301 Iam
788 2242 817 2301 si
838 2259 900 2302 sex
922 2231 1349 2323 parasangarumspatium,

209 2341 293 2422 quod
317 2339 503 2420 Xenophon
532 2342 662 2402 omnino
691 2325 735 2402 ex
766 2361 882 2424 magno
913 2342 1030 2403 itinere
1052 2345 1251 2402 aestumasse
1273 2345 1350 2401 tan-

209 2442 394 2518 tummodo,
416 2443 549 2503 minime
567 2461 644 2503 vero
661 2441 854 2530 decempeda
867 2461 1068 2504 commensus
1082 2459 1153 2502 esse
1168 2438 1348 2502 censendus

209 2551 275 2624 est,
307 2529 364 2623 par
392 2543 539 2623 ponimus
572 2546 611 2604 16
641 2540 723 2605 mill.
753 2540 925 2624 geograph.
956 2544 1078 2621 spatio,
1109 2547 1176 2603 tam
1199 2546 1348 2603 accurate

208 2646 249 2709 ad
276 2648 386 2709 ruinas
415 2665 513 2724 prope
536 2640 726 2721 Juremdflu'
752 2645 858 2706 vicum
885 2640 933 2724 (τὸ
956 2649 1061 2722 Ιτεῖχος
1090 2639 1220 2724 ἔρημοι)
1250 2643 1349 2704 iuxta

175 2745 331 2830 ‘Ninum
360 2744 451 2830 (πρὸς
469 2749 511 2827 τῇ
533 2744 618 2808 πόλει
644 2744 795 2824 κείμενον)
822 2746 918 2808 situm
950 2742 1112 2822 ducimur,
1138 2749 1176 2805 ut
1202 2747 1348 2805 statuero

154 2963 156 2968 Ι
208 2982 293 3068 παρὰ
319 2981 376 3066 τὴν
403 2978 490 3045 πόλιν
519 2996 568 3044 est.
623 2988 734 3044 Condita
766 2997 808 3044 est
836 2988 953 3061 pyramis
988 2988 1016 3042 iu
1047 2985 1161 3058 anguto,
1199 2986 1227 3042 in
1263 3002 1345 3059 quem

44 3139 48 3146 ,
168 3131 169 3136 ,
207 3092 286 3145 area,
323 3091 392 3148 quae
423 3073 509 3128 torni
539 3071 657 3144 oblonga
690 3083 747 3140 est,
784 3073 951 3128 occidentem
984 3072 1055 3128 inter
1084 3079 1111 3127 et
1145 3071 1347 3144 septentriones

206 3161 315 3218 desinit.
358 3157 436 3228 Quod
458 3159 552 3213 attinet
572 3156 606 3212 ad
627 3174 717 3214 aream
739 3157 834 3231 ipsam,
855 3157 963 3213 brevius
985 3156 1064 3225 latus,
1087 3153 1161 3230 quod
1183 3155 1216 3210 ab
1238 3156 1346 3212 oriente

206 3246 241 3302 ad
263 3260 390 3303 occasum
408 3241 507 3313 vergit,
530 3250 640 3315 excepta
661 3242 799 3316 pyramide
819 3241 883 3300 514
905 3241 989 3298 efficit
1009 3241 1110 3314 pedes,
1129 3239 1247 3313 longius,
1270 3241 1346 3313 quod

206 3349 222 3387 a
243 3327 472 3405 septentrionibus
491 3326 525 3382 ad
546 3327 687 3384 meridiem
708 3327 809 3400 vergit,
831 3327 940 3383 circiter
960 3325 1043 3399 duplo
1065 3325 1159 3400 maius¹
1174 3325 1346 3382 aestimatum
1395 3370 1397 3374 .
1464 3379 1466 3390 ,

206 3426 255 3474 est
299 3413 392 3472 Omnis
413 3427 476 3469 vero
498 3413 570 3468 area'
583 3412 688 3469 minore
710 3423 785 3486 septa
807 3421 850 3468 est
864 3427 972 3485 aggere,
994 3418 1103 3484 totaque
1117 3409 1238 3483 lapidum
1253 3417 1344 3466 cocto·

206 3518 266 3558 rum
288 3499 445 3574 fragmentis
467 3497 581 3554 consita.
624 3497 773 3571 Xenophon
801 3497 889 3553 adhuc
915 3513 1008 3553 muros
1039 3513 1071 3552 er
1099 3495 1234 3569 lapidibus
1257 3495 1344 3552 coctis

206 3594 356 3644 exstructos
381 3590 409 3639 et
436 3582 496 3637 basi
532 3581 654 3656 lapideae
688 3583 829 3655 impositos
857 3581 964 3638 invonit
1015 3580 1218 3655 Septentriones
1247 3595 1343 3636 versus

205 3673 321 3745 spatium
343 3665 409 3728 200
428 3665 580 3724 cubitomm
602 3667 770 3740 anglicorum
793 3659 828 3744 (s.
852 3660 952 3742 parde)
974 3666 1088 3740 implent
1108 3664 1203 3721 ruinae
1224 3663 1344 3737 indeque

205 3757 233 3812 in
261 3756 392 3812 orientem
421 3769 515 3810 versus
542 3753 596 3809 late
624 3761 733 3826 patent,
760 3752 798 3808 ita
825 3760 856 3808 ut
883 3750 998 3808 duorum
1026 3765 1236 3824 parasangarum
1265 3748 1343 3805 urhis

204 3841 333 3898 circuitus
361 3839 426 3897 satis
453 3839 523 3896 bene
551 3854 611 3894 cum
639 3837 726 3894 ruinis
740 3859 742 3862 ·
755 3848 906 3909 congruere
926 3835 1055 3892 videatur.
1099 3833 1220 3890 Certiora
1242 3832 1276 3890 de
1297 3833 1343 3890 his
1375 3834 1379 3842 '

204 3928 329 3997 antiquae
350 3923 426 3981 urhis
447 3924 570 3995 reliquiis
587 3923 706 3979 nondum
719 3915 856 3994 explorata
869 3913 1006 3978 habemus.
1052 3919 1144 3976 Omnis
1165 3935 1229 3992 vero
1250 3917 1343 3978 aediti-

205 4011 283 4069 caudi
304 4011 373 4067 'ratio
394 4010 422 4065 in
444 4008 602 4066 memoriam
624 4017 733 4064 revocat
752 4000 960 4084 Σεμιράμιδος
979 3998 1054 4084 ἔργα
1074 4004 1152 4060 111οά.
1167 4003 1266 4071 81ι.2,
1282 4003 1342 4071 14„

205 4112 274 4170 quae
302 4097 390 4152 serius
418 4093 593 4160 vocabantur,
625 4093 661 4148 ita
689 4101 719 4148 ut
747 4091 780 4147 de
806 4091 914 4165 Assyria
941 4091 1017 4147 urbis
1032 4090 1144 4162 origine
1165 4089 1206 4143 vir
1229 4086 1342 4169 dubium

203 4189 419 4340 e§selddssditroa
442 4264 459 4319 l.
484 4281 507 4321 c.
531 4281 558 4336 P·
581 4259 652 4338 351·
677 4259 808 4330 §Selaima
832 4259 866 4316 Ν·
895 4261 929 4316 Η
952 4259 1001 4330 W'
1027 4261 1041 4314 ¹
1065 4259 1156 4315 W
1178 4275 1193 4313 a
1216 4245 1343 4315 Larissae

199 4351 338 4426 pyramide
360 4349 473 4407 scilicet.
